2106 3320
980 161 1278 203 ...80-

330 284 612 335 exposuimus:
630 293 799 333 namque
818 280 964 320 Helena
980 278 1204 332 consilium,
1225 293 1302 332 quo
1324 279 1645 320 circumducatur
1657 279 1913 333 Theoclyme·

338 361 427 400 nus,
440 347 692 387 callidissime
707 347 970 398 excogitatum
981 345 1151 397 profem
1166 344 1385 384 Menelaum
1401 347 1507 385 enim
1519 345 1687 386 Menelai
1705 359 1748 386 se
1762 347 1915 386 socium

336 413 473 453 -dicere
508 418 756 464 mortemque
794 411 943 450 domini
978 411 1162 450 nuntiare
1197 406 1337 465 vult.¹)
1391 410 1459 450 ubi
1498 423 1684 462 magnum
1717 413 1914 452 interesse

339 478 508 529 videtur,
547 477 652 530 quod
685 477 802 528 Soph.
836 488 926 515 cum
963 481 1132 519 mortem
1177 476 1363 515 ficticiam
1394 482 1617 528 usurparet,
1655 482 1816 517 secutus
1854 482 1918 518 est

333 549 629 583 antecessores:
656 541 890 593 Aeschylum
918 546 1034 593 atque
1055 542 1141 580 sine
1163 540 1281 580 dubio
1303 540 1592 595 Stesichorum3
1618 547 1752 582 contra
1779 541 1914 595 Eurip,

337 610 459 648 istam
486 621 669 648 scaenam
696 620 786 647 cum
813 608 992 658 fingeret,
1020 605 1177 646 aliunde
1205 607 1246 645 in
1271 606 1373 645 hanc
1399 606 1569 646 fabulam
1594 607 1816 648 transtulit:
1842 608 1914 647 ita-

339 686 416 726 que
451 673 596 713 adiecit
626 685 761 712 vocem
794 671 1033 723 παλαιότης
1075 667 1294 725 (tamquam
1325 676 1370 710 ut
1406 673 1666 712 imitationem
1706 677 1916 712 excusaret

336 735 720 790 dissimularetque),
762 749 880 790 quam
913 738 982 788 qui
1012 736 1377 788 interpretabantur
1408 735 1746 790 ‘simplicitatem'‚
1777 749 1915 778 eorum

335 809 609 843 commentum
630 809 737 843 recte
764 803 908 842 abiecit
928 803 1006 841 iam
1027 801 1070 841 G.
1090 801 1312 855 Hermann3
1339 807 1452 854 poeta
1480 804 1586 842 enim
1607 808 1741 854 aperte
1766 815 1809 843 se
1834 815 1915 843 non

337 871 472 921 ipsum
504 869 602 908 illud
639 874 917 920 argumentum
943 868 1143 907 invenisse
1171 868 1395 919 confitetur,
1428 869 1593 919 respicit
1617 867 1812 908 Electram
1845 868 1914 908 So-

336 930 600 988 phocleam.²)
1852 970 1854 972 ,

400 999 480 1039 Hac
506 1001 547 1039 in
574 1000 858 1051 compositione
885 997 1077 1038 afferendi
1104 1003 1196 1038 sunt
1228 999 1349 1038 etiam
1374 998 1630 1050 Epimenides
1656 1003 1696 1038 et
1720 998 1915 1051 Aesopus:

339 1064 651 1116 Epimenides
688 1062 810 1118 (apud
844 1063 955 1115 Diog.
983 1063 1111 1103 Laert.
1150 1059 1256 1117 1109)
1292 1065 1368 1104 iam
1405 1077 1426 1102 a
1460 1063 1635 1103 Bruhnio
1668 1063 1916 1116 improbatur

333 1126 395 1183 (p.
427 1128 546 1180 310).
579 1130 626 1170 de
653 1130 838 1181 Aesopo
872 1134 1004 1168 autem
1037 1129 1222 1180 redivivo,
1255 1142 1332 1180 quo
1368 1135 1545 1181 tempore
1578 1129 1709 1169 fabula
1740 1130 1793 1169 sit
1817 1133 1915 1181 orta,

339 1207 420 1234 non
447 1195 561 1235 facile
590 1195 866 1235 discernimus.
911 1194 1108 1234 Hausrath
1130 1194 1289 1246 quidem
1300 1191 1334 1249 3)
1362 1194 1536 1233 exhibet:
1571 1192 1716 1234 ‘einem
1731 1198 1915 1246 spateren

337 1259 521 1299 Stadium
556 1260 627 1299 der
653 1259 835 1311 Legende
869 1260 1046 1311 gehoren
1077 1259 1179 1298 wohl
1218 1265 1301 1299 erst
1336 1259 1398 1299 die
1424 1259 1606 1298 Berichte
1639 1272 1715 1298 von
1747 1259 1819 1299 der
1842 1259 1914 1299 Er-

340 1325 512 1377 stehung
531 1325 680 1377 Aesops
707 1337 795 1364 vom
815 1324 899 1363 Tod
925 1338 962 1364 u.
990 1337 1064 1364 von
1080 1326 1219 1364 seinen
1239 1325 1364 1364 Taten
1384 1326 1425 1364 in
1446 1326 1576 1364 einem
1596 1326 1761 1364 zweiten
1781 1324 1915 1365 Leben

335 1389 424 1444 *an'3
458 1396 591 1430 tamen
606 1392 791 1443 quoniam
812 1391 889 1429 iam
909 1390 1018 1429 Plato
1045 1391 1220 1429 comicus
1233 1390 1352 1430 huius
1378 1389 1532 1429 fabulae
1559 1392 1799 1430 mentionem
1821 1389 1916 1430 fecit

340 1453 471 1510 (Kock
506 1452 622 1511 1639),
657 1468 720 1495 res
753 1469 825 1495 nos
857 1457 995 1507 tangit,
1031 1457 1267 1507 praesertim
1300 1469 1390 1495 cum
1422 1457 1507 1507 ipse
1534 1455 1661 1496 Hdtus
1681 1451 1812 1510 (21³4)
1839 1446 1916 1496 fata

341 1523 564 1561 narraverit
587 1522 732 1574 Aesopi
759 1522 923 1573 Samii,
957 1523 1025 1573 qui
1058 1523 1232 1560 rationes
1257 1520 1449 1560 habuerat
1485 1517 1682 1574 (quamvis
1712 1517 1916 1575 inimicas)

338 1599 433 1626 cum
459 1586 729 1626 sacerdotibus
749 1586 962 1639 Delphicis.
989 1587 1098 1638 atqui
1123 1586 1188 1626 illa
1215 1585 1345 1626 fabula
1364 1585 1468 1626 haud
1493 1598 1658 1638 prorsus
1683 1585 1850 1638 quadrat
1873 1587 1916 1625 in

341 1651 520 1691 Electrae
548 1664 698 1703 versus,
725 1652 869 1703 quibus
897 1651 1135 1691 exhibentur
1161 1653 1200 1703 ii,
1227 1652 1296 1703 qui
1322 1651 1505 1691 seruntur
1529 1656 1682 1690 tantum
1707 1646 1915 1706 mortui⁴):

336 1722 479 1756 contra
505 1717 682 1770 Aesopus
710 1730 846 1757 revera
873 1730 919 1757 ex
946 1719 1026 1756 vita
1053 1722 1278 1756 excesserat
1303 1717 1469 1756 multum
1497 1729 1569 1769 per
1594 1711 1805 1770 tempus.⁵)

403 1783 529 1835 Atque
556 1785 715 1822 omnino
742 1783 842 1822 facio
870 1795 960 1822 cum
986 1782 1174 1834 Bruhnio,
1202 1784 1270 1834 qui
1295 1787 1413 1833 neget
1438 1779 1495 1836 (p.
1512 1779 1618 1835 309)
1647 1779 1766 1821 ‘circa
1778 1794 1812 1821 a.
1825 1779 1916 1821 412

338 1843 446 1901 (sive
472 1844 613 1901 antea)
654 1847 729 1887 tale
762 1847 910 1900 aliquid
938 1847 1130 1887 accidisse
1162 1849 1203 1886 in
1237 1847 1399 1886 Graecia
1426 1847 1578 1886 homini
1603 1853 1680 1886 tam
1713 1848 1834 1900 gravi,
1871 1852 1916 1887 ut

343 1914 585 1952 mentionem
612 1914 696 1952 eius
723 1915 781 1952 rei
808 1915 847 1952 in
874 1912 1088 1963 tragoediis
1115 1914 1197 1952 suis
1219 1912 1437 1951 faciendam
1463 1917 1651 1964 putarent
1676 1917 1715 1952 et
1734 1911 1852 1965 Soph.
1873 1917 1914 1952 et

342 1977 490 2030 Eurip.,
517 1979 695 2030 quamvis
722 1983 877 2018 taceant
903 1983 942 2017 et
965 1977 1215 2030 Thucydides
1242 1982 1280 2017 et
1306 1974 1579 2031 comoedia'.⁶)

406 2099 438 2142 1)
465 2108 557 2142 quos
594 2109 719 2133 versus
746 2099 964 2144 (1049—56)
994 2099 1174 2143 genuinos
1210 2109 1288 2133 esse
1320 2098 1457 2142 optime
1489 2097 1662 2132 disseruit
1691 2097 1756 2132 Ev.
1787 2096 1913 2132 Bruhn

340 2153 393 2195 (p.
407 2154 474 2186 306
484 2153 556 2196 ss.).
577 2152 644 2186 etsi
664 2163 685 2186 a
702 2151 865 2186 Bruhnio
887 2151 1063 2186 dissentio
1082 2152 1121 2186 in
1139 2163 1193 2194 eo,
1216 2151 1315 2196 quod
1334 2151 1365 2186 is
1386 2151 1572 2186 contendit
1591 2152 1734 2196 (p.308)
1755 2151 1913 2186 ‘irrideri

342 2204 389 2239 ab
404 2205 580 2249 Euripide
589 2205 807 2249 Sophoclem
820 2207 986 2249 tempora
995 2205 1275 2249 permiscentem
1288 2205 1514 2248 heroumque
1527 2204 1637 2239 aetati
1644 2204 1915 2247 attribuentem,

344 2268 439 2301 quae
465 2258 529 2293 illa
554 2261 671 2293 aetate
697 2259 792 2293 facta
816 2270 891 2293 non
913 2259 1015 2294 sint’.
1051 2261 1160 2303 poeta
1185 2259 1284 2293 enim
1308 2258 1461 2292 mordax
1486 2258 1647 2302 apertius
1673 2258 1856 2301 irrisisset,
1882 2258 1914 2292 si

343 2311 530 2356 voluisset,
562 2323 684 2355 neque
709 2312 809 2347 idem
843 2312 1074 2356 protulisset;
1110 2313 1234 2357 potius
1260 2312 1340 2356 ipse
1366 2322 1513 2355 quoque
1539 2311 1632 2345 illud
1657 2313 1915 2356 argumentum

340 2375 497 2400 >scaenae
510 2365 744 2409 aptissimum
758 2365 947 2400 adamavit
961 2367 996 2400 et
1009 2365 1190 2408 adhibuit,
1205 2376 1278 2409 quo
1288 2364 1420 2399 melius
1430 2364 1662 2408 perficeretur
1673 2365 1913 2409 propositum.

403 2419 440 2463 2>
467 2430 694 2463 quamquam
718 2419 758 2453 in
783 2419 856 2453 alia
876 2429 1025 2462 quoque
1046 2419 1247 2464 tragoedia,
1269 2418 1440 2461 Aeschyli
1465 2417 1676 2459 Philoctete,
1702 2419 1832 2453 eadem
1856 2429 1914 2453 res

343 2472 515 2506 occurrit:
548 2472 674 2507 Ulixes
706 2472 806 2506 enim
830 2473 1050 2516 (secundum
1080 2472 1210 2506 Dionis
1243 2470 1490 2515 Chrysostomi
1521 2471 1747 2514 relationem,
1782 2482 1834 2506 or.
1854 2473 1914 2517 52)

344 2527 385 2558 ut
408 2524 529 2559 herois
556 2525 760 2560 exacerbati
786 2526 879 2559 iram
897 2525 1028 2569 placet,
1049 2536 1087 2560 se
1106 2525 1229 2569 ipsum
1248 2524 1460 2569 turpissime
1479 2525 1661 2559 interiisse
1680 2524 1796 2569 fingit.
1823 2524 1915 2569 quid

340 2578 375 2612 si
402 2578 480 2612 eius
507 2589 659 2613 scaenae
684 2579 902 2613 memoriam
928 2579 1100 2623 repetivit
1125 2578 1341 2613 scholiastae
1366 2578 1428 2622 (ad
1452 2577 1506 2612 El.
1530 2579 1589 2622 62)
1615 2580 1762 2613 auctor?

407 2633 443 2677 3)
468 2632 568 2676 apud
592 2631 839 2676 Pauly-Wiss.
867 2643 894 2667 s.
914 2643 948 2666 v.
968 2631 1082 2666 Fabel
1106 2633 1228 2676 (1909)
1252 2643 1288 2675 p.
1312 2634 1413 2665 1708.

405 2687 440 2731 4)
466 2685 585 2731 μάτην
611 2686 711 2720 enim
737 2686 807 2720 sibi
833 2685 928 2720 vult:
959 2685 1041 2719 ‘etsi
1067 2696 1194 2720 verum
1218 2695 1293 2719 non
1319 2684 1409 2719 erat’
1438 2684 1481 2719 cs.
1501 2684 1633 2721 Kaibel
1658 2685 1705 2719 ad
1729 2684 1784 2719 El.
1803 2696 1840 2729 p.
1856 2687 1912 2720 79.

406 2740 441 2784 ὃ)
466 2738 640 2782 idemque
665 2739 763 2773 valet
787 2739 898 2773 etiam
911 2738 950 2772 in
968 2738 1153 2773 Aridaei
1178 2738 1370 2772 historiola
1396 2737 1500 2782 (Plut.
1523 2739 1567 2772 de
1588 2749 1668 2773 sera
1691 2749 1792 2773 num.
1811 2737 1912 2772 vind.

344 2794 389 2825 22
410 2803 445 2836 p.
461 2792 569 2826 563D
582 2794 653 2836 ss.).

406 2846 440 2889 6)
466 2845 711 2879 calamitatem
730 2845 795 2880 illa
812 2845 1021 2880 narratione
1039 2844 1229 2879 confictam
1248 2846 1411 2889 spectare
1430 2845 1477 2879 ad
1497 2844 1640 2889 aliquos
1661 2843 1914 2887 Athenienses,

343 2898 409 2940 qui
430 2909 513 2932 cum
526 2898 565 2932 in
579 2898 688 2932 exilio
704 2897 840 2933 incerta
858 2900 974 2933 morte
993 2898 1131 2943 perisse
1151 2899 1376 2942 putarentur,
1395 2900 1538 2942 praeter
1557 2898 1771 2942 opinionem
1793 2907 1914 2936 rever-
