2106 3320
996 142 1319 184 -100-

369 278 440 305 nes
466 265 606 316 fontes,
633 266 701 316 qui
726 268 897 315 possunt
918 264 1094 314 cogitari,
1121 275 1318 302 summum
1338 269 1582 303 momentum
1601 265 1857 305 tribuendum
1879 271 1940 305 est

372 330 514 370 studiis
539 330 720 368 historici
741 328 1058 381 familiarissimi3
1085 330 1119 367 is
1141 332 1249 367 certe
1269 329 1419 380 tragico
1439 334 1520 368 erat
1542 335 1712 381 praesto,
1739 342 1829 370 eum
1851 343 1940 383 cog-

370 396 477 435 novit
502 395 739 434 necessario.
767 405 860 445 ergo
886 393 978 432 talia
1005 393 1127 432 relata
1154 394 1415 445 geographica
1441 406 1557 445 quem
1585 394 1632 434 ad
1651 395 1812 435 modum
1848 409 1939 436 cen-

367 460 488 500 senda
515 461 595 499 sint
621 472 668 499 ex
693 459 789 498 Hdti
814 458 1082 498 familiaritate
1103 460 1291 498 arcessita
1313 458 1488 499 discretu
1508 467 1568 499 est
1588 460 1759 500 difficile.
1791 473 1938 513 nequa-

367 538 484 578 quam
509 525 723 564 historicus
747 523 867 564 ullam
893 523 1076 575 praebuit
1102 526 1375 564 auctoritatem
1403 525 1451 564 ad
1477 524 1639 577 Triptol.
1674 525 1939 566 exornandam

365 591 534 630 fabulam
568 586 620 644 (v,
653 586 716 644 s.).
761 601 891 641 neque
927 591 1053 641 magis
1090 589 1442 642 Thermopylarum
1483 590 1696 642 descriptio
1735 586 1937 646 (Trachin.

365 652 548 711 633—9)
570 654 717 707 pendet
736 667 782 694 ex
803 654 930 694 Hdtea
950 654 1027 694 loci
1045 667 1199 706 pugnae
1221 656 1466 706 expositione
1494 652 1580 710 (vll
1602 652 1719 711 176).
1753 656 1822 696 sed
1842 656 1938 696 alias

364 721 552 773 quasdam
586 733 650 760 res
677 720 852 771 singulas
880 719 928 759 ad
954 721 1147 759 rationem
1176 719 1451 771 declarandam
1479 721 1691 773 afferamus
1716 721 1844 762 liceat.
1882 723 1937 762 ita

364 787 411 826 de
438 786 671 838 Scytharum
704 787 843 837 capitis
879 785 1117 837 deglubendi
1143 798 1253 825 more
1280 787 1358 825 iam
1384 787 1426 825 in
1452 788 1578 838 prima
1603 786 1722 827 huius
1749 786 1936 827 disserta-

363 853 481 892 tionis
508 856 619 903 parte
647 853 800 902 egimus
828 846 884 905 (p.
906 847 1036 906 21s.).

830 989 875 1027 Β.
908 988 980 1026 DE
1006 987 1155 1027 MORE
1182 987 1464 1028 AEGYPTIO.

421 1077 822 1118 Commemoravimus
849 1079 967 1116 etiam
994 1076 1089 1116 Oed.
1117 1076 1196 1116 Col.
1224 1090 1257 1116 V.
1279 1074 1485 1129 337—41‚
1513 1077 1656 1129 quibus
1682 1079 1855 1129 tragicus
1881 1077 1934 1117 al-

360 1143 460 1183 ludit
486 1142 841 1183 consuetudinibus
867 1143 1126 1194 Aegyptiacis,
1153 1142 1290 1194 quales
1315 1144 1501 1195 proponit
1526 1142 1665 1183 Hdtus.
1702 1144 1771 1195 qui
1795 1155 1934 1183 versus

361 1214 454 1248 sunt
478 1208 537 1247 hi:

576 1269 609 1314 ὦ
636 1270 762 1314 πάντ’
796 1270 947 1313 ἐκείνω
975 1278 1067 1321 τοῖς
1093 1270 1141 1313 ἐν
1168 1271 1381 1328 Αἰγύπτῳ
1409 1273 1563 1324 νόμοις

572 1337 714 1392 φύσιν
738 1335 1077 1378 κατεικασθέντε
1103 1335 1176 1378 καὶ
1202 1337 1305 1391 βίου
1336 1337 1516 1392 τροφάς.

572 1403 663 1444 ἐκεῖ
685 1403 768 1458 γὰρ
796 1403 838 1444 οἱ
865 1399 946 1454 μὲν
971 1402 1154 1456 ἄρσενες
1185 1401 1294 1443 κατὰ
1320 1400 1476 1455 στέγας

569 1472 793 1510 θακοῦσιν
820 1468 1177 1523 ίστουργοῠντες,
1204 1466 1252 1508 αἱ
1275 1465 1324 1508 δὲ
1350 1466 1567 1522 σύννομοι

570 1531 683 1584 τᾶξω
710 1534 813 1587 βίου
841 1538 1023 1587 τροφεῖα
1049 1529 1322 1588 πορσύνουσ’
1354 1531 1433 1574 ἀεί.

359 1601 453 1653 quid
478 1603 636 1652 mirum,
663 1600 768 1652 quod
794 1601 866 1639 hos
893 1612 1049 1652 quoque
1070 1612 1209 1639 versus
1230 1601 1359 1651 quiin
1380 1602 1647 1652 suspicionem
1666 1604 1837 1652 vocaret,
1864 1612 1929 1639 ex-

359 1665 487 1706 stitit?
514 1667 576 1705 lex
602 1679 727 1718 paene
755 1671 815 1705 est
835 1678 984 1716 omnes,
1012 1666 1079 1716 qui
1106 1664 1330 1716 exemplum
1358 1666 1511 1717 sapiant
1529 1665 1712 1717 Hdteum,
1738 1664 1846 1705 locos
1871 1666 1930 1704 in-

359 1732 507 1771 famari.
546 1732 611 1771 hic
636 1744 729 1771 vero
757 1733 834 1770 iam
862 1731 987 1783 magis
1015 1743 1133 1782 quam
1159 1731 1200 1769 in
1226 1742 1285 1769 w.
1311 1730 1438 1782 Antig.
1467 1731 1625 1770 firmum
1653 1730 1931 1782 exstinguendi

357 1803 633 1848 argumentum
661 1797 925 1836 desideratur:
953 1809 1003 1835 ne
1030 1795 1148 1848 logici
1174 1796 1334 1847 quidem
1361 1795 1539 1847 scrupuli
1557 1800 1725 1847 possunt
1745 1791 1929 1850 afferri.¹)

360 1864 481 1902 immo
508 1864 654 1914 optime
680 1863 829 1901 inserta
856 1867 916 1901 est
941 1874 984 1902 ea
1012 1861 1207 1900 sententia
1233 1860 1386 1900 fabulae
1412 1861 1453 1899 in
1478 1862 1700 1913 propinquo
1720 1861 1806 1900 sita.
1838 1873 1929 1900 nam

358 1927 461 1980 quod
494 1928 565 1966 filii
597 1927 842 1967 inducuntur
874 1927 973 1966 nihil
999 1931 1172 1978 agentes7
1205 1925 1306 1964 filiae
1333 1931 1463 1965 autem
1491 1938 1686 1965 summam
1711 1927 1835 1978 patris
1862 1938 1928 1966 cu-

357 2005 441 2032 ram
467 1992 671 2044 habentes,
697 1994 938 2031 contrarium
960 1997 1020 2031 est
1038 1991 1216 2030 moribus
1236 1991 1419 2030 humanis
1440 1997 1506 2030 aut
1525 1992 1732 2030 minimum
1755 1990 1928 2043 Graecis,

358 2058 461 2110 apud
494 2070 592 2110 quos
618 2058 692 2096 viri
718 2057 979 2097 versabantur
1010 2059 1051 2096 in
1084 2057 1179 2108 som,
1212 2056 1424 2096 mulierum
1452 2061 1536 2096 erat
1563 2057 1668 2096 domi
1693 2068 1871 2096 manere:
1907 2069 1927 2096 a

357 2124 516 2162 feminis
542 2114 642 2162 nihil
668 2127 920 2174 exspectatur
946 2122 1140 2174 praeclari
1165 2122 1322 2174 publice
1349 2118 1475 2176 acti.²)
1508 2127 1547 2161 et
1572 2123 1758 2174 quoniam
1785 2122 1833 2162 ad
1861 2122 1926 2161 do-

414 2251 448 2295 1)
473 2250 597 2285 nescio
624 2249 723 2284 enim
752 2261 815 2284 cur
833 2249 946 2284 verba
965 2248 1061 2284 κατὰ
1082 2247 1211 2294 στέγας
1229 2252 1418 2284 θακοῦσιν
1437 2249 1618 2283 contraria
1637 2250 1782 2283 censeat
1800 2249 1926 2283 Bruhn

353 2304 421 2348 (ed.
449 2303 572 2348 Antig.
597 2306 687 2338 1904
713 2315 748 2348 p.
771 2304 830 2348 36)
856 2303 1022 2337 Ismenae
1049 2302 1311 2337 enuntiationi:
1340 2300 1409 2337 εἴας’
1439 2299 1553 2346 οὗπέρ
1580 2302 1659 2337 εἰσι.
1687 2301 1795 2338 δεινὰ
1820 2297 1855 2337 δ’
1884 2303 1925 2338 ἐν

352 2355 491 2397 κείνοις
520 2358 567 2391 τὰ
598 2361 678 2392 νῦν.
719 2355 846 2391 δεινόν
876 2356 1039 2400 profecto
1072 2356 1255 2400 significat
1286 2356 1336 2398 id,
1370 2356 1469 2399 quod
1501 2357 1602 2390 extra,
1625 2356 1778 2390 modum
1801 2355 1926 2400 prodit

353 2410 429 2444 sive
459 2410 593 2444 rationi
625 2410 781 2444 usitatae
807 2409 1018 2453 oppositum
1046 2411 1110 2444 est.
1148 2409 1314 2444 Ismenae
1340 2410 1464 2443 autem
1489 2409 1640 2443 interest
1662 2410 1816 2453 patrem,
1851 2420 1926 2454 qua

352 2464 565 2498 condicione
596 2465 683 2497 tunc
714 2464 841 2498 fratres
873 2464 1076 2505 teneantur,
1108 2463 1228 2507 primo
1261 2462 1393 2497 celare:
1430 2462 1470 2496 id
1503 2462 1537 2497 ei
1570 2462 1769 2507 contigisse
1793 2462 1926 2507 probat

354 2516 436 2560 ipsa
462 2516 663 2560 Oedipodis
690 2516 892 2561 responsio,
926 2515 991 2559 qui
1016 2514 1212 2550 intellexit:
1245 2512 1328 2550 κατ’
1359 2511 1465 2550 οἶκον
1492 2515 1730 2558 οἰκουροῦσιν
1756 2517 1802 2560 (V.
1830 2517 1920 2560 343)-

411 2572 446 2614 2)
473 2581 554 2604 eam
586 2569 881 2604 aestimationem
914 2569 1105 2613 profitetur
1130 2569 1293 2612 Oedipus
1319 2580 1352 2604 v.
1373 2572 1459 2602 445:
1494 2567 1626 2603 οὔσαιν
1652 2568 1863 2613 παρθένων
1889 2571 1926 2603 et

350 2634 384 2658 v.
409 2626 498 2657 1368
527 2620 605 2657 αἵδ’
636 2622 783 2666 ἄνδρες,
809 2622 853 2658 οὐ
875 2628 1051 2668 γυναῖκες
1072 2622 1125 2663 εἰς
1142 2622 1184 2657 τὸ
1205 2627 1408 2667 συμπονεῖν
1428 2622 1470 2656 cf.
1492 2622 1545 2657 El.
1568 2626 1648 2657 997.
1675 2622 1715 2656 id
1734 2623 1789 2657 est
1806 2633 1923 2667 genus

349 2676 571 2718 invalidius,
605 2688 688 2710 cum
713 2676 800 2718 viri,
829 2676 964 2720 quibus
990 2678 1122 2711 natura
1146 2676 1241 2710 vires
1269 2675 1411 2710 dederit
1433 2676 1603 2718 maiores,
1630 2675 1923 2710 effeminentur

349 2728 613 2774 (γυναικίζειν).
652 2730 704 2764 ita
737 2730 836 2773 apud
861 2729 1001 2763 Hdtum
1027 2731 1118 2775 (833)
1144 2728 1353 2763 invenimus
1379 2728 1508 2763 Xerxis
1536 2729 1675 2763 dietum
1699 2729 1740 2763 in
1765 2727 1922 2763 Artemi-

350 2783 459 2817 siam:
482 2783 517 2818 οἱ
537 2782 604 2827 μὲν
625 2781 760 2826 ἄνδρες
779 2781 954 2828 γεγόνασί
974 2796 1036 2827 μοι
1056 2787 1240 2828 γυναῖκες,
1261 2781 1300 2816 αἱ
1321 2780 1362 2818 δὲ
1382 2788 1556 2827 γυναῖκες
1576 2781 1721 2826 ἄνδρες.
1748 2781 1789 2816 11.
1806 2782 1839 2817 Θ
1854 2785 1921 2816 163

347 2836 482 2871 Hector
506 2837 671 2880 increpat
695 2836 735 2870 in
760 2836 996 2870 Diomedem:

609 2895 677 2924 νῦν
704 2887 745 2924 δέ
771 2886 804 2923 σ’
835 2888 1069 2933 ἀτιμήσουσι·
1099 2888 1278 2934 γυναικὸς
1303 2887 1363 2932 ἄρ’
1395 2889 1479 2923 ἀντὶ
1502 2888 1641 2932 τέτυξο.
