<?xml version="1.0" encoding="UTF-8"?>
<!DOCTYPE html PUBLIC "-//W3C//DTD XHTML 1.0 Transitional//EN"
    "http://www.w3.org/TR/xhtml1/DTD/xhtml1-transitional.dtd">
<html xmlns="http://www.w3.org/1999/xhtml" xml:lang="en" lang="en">
 <head>
  <title>
</title>
<meta http-equiv="Content-Type" content="text/html;charset=utf-8" />
  <meta name='ocr-system' content='tesseract 3.04.00' />
  <meta name='ocr-capabilities' content='ocr_page ocr_carea ocr_par ocr_line ocrx_word'/>
</head>
<body>
  <div class='ocr_page' id='page_1' title='image "./sophoclesquiddeb00rascuoft_0111.png"; bbox 0 0 2106 3320; ppageno 0'>
   <div class='ocr_carea' id='block_1_1' title="bbox 0 0 118 731">
    <p class='ocr_par' dir='ltr' id='par_1_1' title="bbox 0 0 118 731">
     <span class='ocr_line' id='line_1_1' title="bbox 0 0 30 731; textangle 90"><span class='ocrx_word' id='word_1_1' title='bbox 0 705 12 731; x_wconf 54' lang='grc' dir='ltr'><strong><em>ὐ</em></strong></span> <span class='ocrx_word' id='word_1_2' title='bbox 0 514 20 681; x_wconf 38' lang='grc' dir='ltr'><strong>’νηΐ-Ἦ,</strong></span> <span class='ocrx_word' id='word_1_3' title='bbox 0 307 30 534; x_wconf 53' lang='grc' dir='ltr'><strong>,ἾἭΜ</strong></span> <span class='ocrx_word' id='word_1_4' title='bbox 10 404 16 408; x_wconf 51' lang='lat'><strong>&lt;1</strong></span> <span class='ocrx_word' id='word_1_5' title='bbox 0 0 25 308; x_wconf 54' lang='lat' dir='ltr'><strong>vwwmmwffl</strong></span> <span class='ocrx_word' id='word_1_6' title='bbox 17 6 27 20; x_wconf 49' lang='lat' dir='ltr'><strong>f,</strong></span> 
     </span>
     <span class='ocr_line' id='line_1_2' title="bbox 102 192 118 254; textangle 90"><span class='ocrx_word' id='word_1_7' title='bbox 111 250 118 254; x_wconf 76' lang='lat'><em>·</em></span> <span class='ocrx_word' id='word_1_8' title='bbox 102 192 117 202; x_wconf 64' lang='lat' dir='ltr'>V</span> 
     </span>
    </p>
   </div>
   <div class='ocr_carea' id='block_1_2' title="bbox 857 114 1181 158">
    <p class='ocr_par' dir='ltr' id='par_1_2' title="bbox 857 114 1181 158">
     <span class='ocr_line' id='line_1_3' title="bbox 857 114 1181 158; baseline 0 -1"><span class='ocrx_word' id='word_1_9' title='bbox 857 114 1181 158; x_wconf 86' lang='lat'>—101—</span> 
     </span>
    </p>
   </div>
   <div class='ocr_carea' id='block_1_3' title="bbox 230 234 1804 291">
    <p class='ocr_par' dir='ltr' id='par_1_3' title="bbox 230 234 1804 291">
     <span class='ocr_line' id='line_1_4' title="bbox 230 234 1804 291; baseline -0.003 -9"><span class='ocrx_word' id='word_1_10' title='bbox 230 239 397 282; x_wconf 67' lang='lat' dir='ltr'><strong>mettica</strong></span> <span class='ocrx_word' id='word_1_11' title='bbox 416 238 587 291; x_wconf 78' lang='lat' dir='ltr'><strong>negotia,</strong></span> <span class='ocrx_word' id='word_1_12' title='bbox 606 235 752 289; x_wconf 86' lang='lat' dir='ltr'><strong>quibus</strong></span> <span class='ocrx_word' id='word_1_13' title='bbox 770 235 962 278; x_wconf 86' lang='lat' dir='ltr'><strong>mulieres</strong></span> <span class='ocrx_word' id='word_1_14' title='bbox 981 234 1184 287; x_wconf 77' lang='lat' dir='ltr'><strong>vacabant,</strong></span> <span class='ocrx_word' id='word_1_15' title='bbox 1203 235 1454 288; x_wconf 87' lang='lat' dir='ltr'><strong>potissimum</strong></span> <span class='ocrx_word' id='word_1_16' title='bbox 1466 235 1691 288; x_wconf 69' lang='lat' dir='ltr'>pertinebat</span> <span class='ocrx_word' id='word_1_17' title='bbox 1703 249 1804 289; x_wconf 88' lang='lat' dir='ltr'><strong>opus</strong></span> 
     </span>
    </p>
   </div>
   <div class='ocr_carea' id='block_1_4' title="bbox 144 299 1803 357">
    <p class='ocr_par' dir='ltr' id='par_1_4' title="bbox 144 299 1803 357">
     <span class='ocr_line' id='line_1_5' title="bbox 144 299 1803 357; baseline -0.003 -10"><span class='ocrx_word' id='word_1_18' title='bbox 144 319 151 327; x_wconf 87' lang='lat'><strong>·</strong></span> <span class='ocrx_word' id='word_1_19' title='bbox 225 301 714 357; x_wconf 61' lang='lat' dir='ltr'><strong>textorinmsviro‘alicui</strong></span> <span class='ocrx_word' id='word_1_20' title='bbox 740 313 918 342; x_wconf 85' lang='lat' dir='ltr'><strong>summae</strong></span> <span class='ocrx_word' id='word_1_21' title='bbox 943 305 1006 341; x_wconf 86' lang='lat' dir='ltr'><strong>est</strong></span> <span class='ocrx_word' id='word_1_22' title='bbox 1029 301 1283 353; x_wconf 82' lang='lat' dir='ltr'>ignominiae,</span> <span class='ocrx_word' id='word_1_23' title='bbox 1314 302 1349 341; x_wconf 89' lang='lat' dir='ltr'><strong>si</strong></span> <span class='ocrx_word' id='word_1_24' title='bbox 1375 299 1522 342; x_wconf 88' lang='lat' dir='ltr'><strong>dicitur</strong></span> <span class='ocrx_word' id='word_1_25' title='bbox 1545 301 1675 343; x_wconf 84' lang='lat' dir='ltr'><strong>lanam</strong></span> <span class='ocrx_word' id='word_1_26' title='bbox 1700 308 1803 342; x_wconf 86' lang='lat' dir='ltr'><strong>trac-</strong></span> 
     </span>
    </p>
   </div>
   <div class='ocr_carea' id='block_1_5' title="bbox 221 362 1802 1142">
    <p class='ocr_par' dir='ltr' id='par_1_5' title="bbox 221 362 1802 1142">
     <span class='ocr_line' id='line_1_6' title="bbox 224 362 1801 425; baseline -0.002 -14"><span class='ocrx_word' id='word_1_27' title='bbox 224 373 312 411; x_wconf 71' lang='lat' dir='ltr'><strong>tare</strong></span> <span class='ocrx_word' id='word_1_28' title='bbox 335 364 464 425; x_wconf 76' lang='lat' dir='ltr'><strong>(velut</strong></span> <span class='ocrx_word' id='word_1_29' title='bbox 483 366 773 420; x_wconf 83' lang='lat' dir='ltr'><strong>Sardanapalus</strong></span> <span class='ocrx_word' id='word_1_30' title='bbox 798 365 902 419; x_wconf 87' lang='lat' dir='ltr'><strong>apud</strong></span> <span class='ocrx_word' id='word_1_31' title='bbox 921 366 1059 407; x_wconf 88' lang='lat' dir='ltr'><strong>lustin.</strong></span> <span class='ocrx_word' id='word_1_32' title='bbox 1079 366 1096 406; x_wconf 94' lang='lat'>1</span> <span class='ocrx_word' id='word_1_33' title='bbox 1115 364 1143 407; x_wconf 89' lang='lat'><strong>3</strong></span> <span class='ocrx_word' id='word_1_34' title='bbox 1150 362 1238 421; x_wconf 63' lang='grc' dir='ltr'><strong>4).ῑ)</strong></span> <span class='ocrx_word' id='word_1_35' title='bbox 1265 367 1463 407; x_wconf 89' lang='lat' dir='ltr'><strong>sententia</strong></span> <span class='ocrx_word' id='word_1_36' title='bbox 1481 367 1604 420; x_wconf 82' lang='lat' dir='ltr'><strong>igitur</strong></span> <span class='ocrx_word' id='word_1_37' title='bbox 1622 380 1702 408; x_wconf 93' lang='lat' dir='ltr'><strong>non</strong></span> <span class='ocrx_word' id='word_1_38' title='bbox 1721 373 1801 408; x_wconf 84' lang='lat' dir='ltr'><strong>tam</strong></span> 
     </span>
     <span class='ocr_line' id='line_1_7' title="bbox 226 429 1802 486; baseline -0.001 -10"><span class='ocrx_word' id='word_1_39' title='bbox 226 438 380 476; x_wconf 71' lang='lat' dir='ltr'><strong>mota</strong></span> <span class='ocrx_word' id='word_1_40' title='bbox 403 440 501 486; x_wconf 89' lang='lat' dir='ltr'><strong>erat,</strong></span> <span class='ocrx_word' id='word_1_41' title='bbox 526 438 571 474; x_wconf 91' lang='lat' dir='ltr'><strong>ut</strong></span> <span class='ocrx_word' id='word_1_42' title='bbox 597 434 683 473; x_wconf 89' lang='lat' dir='ltr'><strong>sine</strong></span> <span class='ocrx_word' id='word_1_43' title='bbox 710 431 839 485; x_wconf 80' lang='lat' dir='ltr'><strong>aliqua</strong></span> <span class='ocrx_word' id='word_1_44' title='bbox 860 444 977 472; x_wconf 85' lang='lat' dir='ltr'><strong>causa</strong></span> <span class='ocrx_word' id='word_1_45' title='bbox 997 432 1173 484; x_wconf 82' lang='lat' dir='ltr'><strong>tragicus</strong></span> <span class='ocrx_word' id='word_1_46' title='bbox 1190 431 1400 472; x_wconf 76' lang='lat' dir='ltr'><strong>advocaret</strong></span> <span class='ocrx_word' id='word_1_47' title='bbox 1418 432 1647 486; x_wconf 78' lang='lat' dir='ltr'><strong>Aegyptios:</strong></span> <span class='ocrx_word' id='word_1_48' title='bbox 1673 429 1802 474; x_wconf 84' lang='lat' dir='ltr'><strong>Hdtus</strong></span> 
     </span>
     <span class='ocr_line' id='line_1_8' title="bbox 224 493 1801 554; baseline -0.002 -12"><span class='ocrx_word' id='word_1_49' title='bbox 224 504 288 542; x_wconf 80' lang='lat' dir='ltr'><strong>est</strong></span> <span class='ocrx_word' id='word_1_50' title='bbox 300 500 518 554; x_wconf 85' lang='lat' dir='ltr'><strong>proximus,</strong></span> <span class='ocrx_word' id='word_1_51' title='bbox 536 499 602 539; x_wconf 89' lang='lat' dir='ltr'><strong>cui</strong></span> <span class='ocrx_word' id='word_1_52' title='bbox 618 510 703 539; x_wconf 91' lang='lat' dir='ltr'><strong>rem</strong></span> <span class='ocrx_word' id='word_1_53' title='bbox 723 493 995 551; x_wconf 77' lang='lat' dir='ltr'><strong>tribuamuS.¹)</strong></span> <span class='ocrx_word' id='word_1_54' title='bbox 1021 498 1290 550; x_wconf 79' lang='lat' dir='ltr'><strong>interponitur</strong></span> <span class='ocrx_word' id='word_1_55' title='bbox 1311 496 1471 551; x_wconf 86' lang='lat' dir='ltr'><strong>quidem</strong></span> <span class='ocrx_word' id='word_1_56' title='bbox 1490 499 1703 552; x_wconf 79' lang='lat' dir='ltr'><strong>Aegyptios</strong></span> <span class='ocrx_word' id='word_1_57' title='bbox 1721 499 1801 539; x_wconf 87' lang='lat' dir='ltr'><strong>iam</strong></span> 
     </span>
     <span class='ocr_line' id='line_1_9' title="bbox 225 559 1801 620; baseline -0.002 -13"><span class='ocrx_word' id='word_1_58' title='bbox 225 564 375 609; x_wconf 84' lang='lat' dir='ltr'><strong>dudum</strong></span> <span class='ocrx_word' id='word_1_59' title='bbox 395 563 558 606; x_wconf 85' lang='lat' dir='ltr'><strong>Graecis</strong></span> <span class='ocrx_word' id='word_1_60' title='bbox 578 563 702 604; x_wconf 78' lang='lat' dir='ltr'><strong>fuisse</strong></span> <span class='ocrx_word' id='word_1_61' title='bbox 722 569 854 604; x_wconf 90' lang='lat' dir='ltr'><strong>notos:</strong></span> <span class='ocrx_word' id='word_1_62' title='bbox 880 564 938 603; x_wconf 84' lang='lat' dir='ltr'><strong>sic</strong></span> <span class='ocrx_word' id='word_1_63' title='bbox 964 562 1005 603; x_wconf 93' lang='lat' dir='ltr'><strong>C.</strong></span> <span class='ocrx_word' id='word_1_64' title='bbox 1027 562 1164 603; x_wconf 90' lang='lat' dir='ltr'><strong>Fries</strong></span> <span class='ocrx_word' id='word_1_65' title='bbox 1184 559 1379 617; x_wconf 85' lang='lat' dir='ltr'><strong>(Quaestt.</strong></span> <span class='ocrx_word' id='word_1_66' title='bbox 1392 562 1543 604; x_wconf 84' lang='lat' dir='ltr'><strong>Hdteae</strong></span> <span class='ocrx_word' id='word_1_67' title='bbox 1565 561 1680 605; x_wconf 86' lang='lat'>1893</span> <span class='ocrx_word' id='word_1_68' title='bbox 1698 577 1737 618; x_wconf 91' lang='lat' dir='ltr'><strong>p.</strong></span> <span class='ocrx_word' id='word_1_69' title='bbox 1754 561 1801 620; x_wconf 81' lang='lat'><strong>7)</strong></span> 
     </span>
     <span class='ocr_line' id='line_1_10' title="bbox 225 625 1800 685; baseline -0.002 -12"><span class='ocrx_word' id='word_1_70' title='bbox 225 628 463 684; x_wconf 74' lang='lat' dir='ltr'><strong>Aeschylum</strong></span> <span class='ocrx_word' id='word_1_71' title='bbox 497 630 659 682; x_wconf 82' lang='lat' dir='ltr'>exponit</span> <span class='ocrx_word' id='word_1_72' title='bbox 690 628 828 669; x_wconf 87' lang='lat' dir='ltr'><strong>multis</strong></span> <span class='ocrx_word' id='word_1_73' title='bbox 853 628 951 669; x_wconf 91' lang='lat' dir='ltr'><strong>locis</strong></span> <span class='ocrx_word' id='word_1_74' title='bbox 983 625 1240 682; x_wconf 82' lang='lat' dir='ltr'><strong>(praesertim</strong></span> <span class='ocrx_word' id='word_1_75' title='bbox 1266 628 1420 669; x_wconf 90' lang='lat' dir='ltr'><strong>scilicet</strong></span> <span class='ocrx_word' id='word_1_76' title='bbox 1444 630 1485 669; x_wconf 90' lang='lat' dir='ltr'><strong>in</strong></span> <span class='ocrx_word' id='word_1_77' title='bbox 1512 626 1708 685; x_wconf 88' lang='lat' dir='ltr'><strong>Supplic.)</strong></span> <span class='ocrx_word' id='word_1_78' title='bbox 1734 642 1800 671; x_wconf 87' lang='lat' dir='ltr'><strong>res</strong></span> 
     </span>
     <span class='ocr_line' id='line_1_11' title="bbox 221 692 1799 750; baseline -0.001 -13"><span class='ocrx_word' id='word_1_79' title='bbox 221 694 433 750; x_wconf 65' lang='lat' dir='ltr'><strong>Aegyptias</strong></span> <span class='ocrx_word' id='word_1_80' title='bbox 453 706 804 748; x_wconf 80' lang='lat' dir='ltr'><strong>commemorasse3</strong></span> <span class='ocrx_word' id='word_1_81' title='bbox 830 693 901 734; x_wconf 84' lang='lat' dir='ltr'><strong>sed</strong></span> <span class='ocrx_word' id='word_1_82' title='bbox 927 698 971 734; x_wconf 95' lang='lat' dir='ltr'><strong>ut</strong></span> <span class='ocrx_word' id='word_1_83' title='bbox 997 694 1031 733; x_wconf 90' lang='lat' dir='ltr'><strong>is</strong></span> <span class='ocrx_word' id='word_1_84' title='bbox 1050 693 1291 734; x_wconf 77' lang='lat' dir='ltr'><strong>Hecataeum</strong></span> <span class='ocrx_word' id='word_1_85' title='bbox 1318 692 1479 735; x_wconf 81' lang='lat' dir='ltr'>adhibet</span> <span class='ocrx_word' id='word_1_86' title='bbox 1503 700 1718 748; x_wconf 81' lang='lat' dir='ltr'><strong>auctorem,</strong></span> <span class='ocrx_word' id='word_1_87' title='bbox 1744 697 1799 736; x_wconf 87' lang='lat' dir='ltr'><strong>ita</strong></span> 
     </span>
     <span class='ocr_line' id='line_1_12' title="bbox 222 759 1798 816; baseline -0.001 -13"><span class='ocrx_word' id='word_1_88' title='bbox 222 760 411 816; x_wconf 80' lang='lat' dir='ltr'><strong>Sophocli</strong></span> <span class='ocrx_word' id='word_1_89' title='bbox 442 773 600 814; x_wconf 84' lang='lat' dir='ltr'><strong>quoque</strong></span> <span class='ocrx_word' id='word_1_90' title='bbox 637 765 797 814; x_wconf 84' lang='lat' dir='ltr'><strong>praesto</strong></span> <span class='ocrx_word' id='word_1_91' title='bbox 829 766 915 801; x_wconf 91' lang='lat' dir='ltr'><strong>erat</strong></span> <span class='ocrx_word' id='word_1_92' title='bbox 945 759 1167 801; x_wconf 84' lang='lat' dir='ltr'><strong>subsidium</strong></span> <span class='ocrx_word' id='word_1_93' title='bbox 1202 759 1448 812; x_wconf 78' lang='lat' dir='ltr'><strong>facillimum,</strong></span> <span class='ocrx_word' id='word_1_94' title='bbox 1483 773 1626 814; x_wconf 85' lang='lat' dir='ltr'>nempe</span> <span class='ocrx_word' id='word_1_95' title='bbox 1658 760 1798 814; x_wconf 88' lang='lat' dir='ltr'><strong>Hdtus,</strong></span> 
     </span>
     <span class='ocr_line' id='line_1_13' title="bbox 224 825 1799 879; baseline -0.001 -11"><span class='ocrx_word' id='word_1_96' title='bbox 224 827 341 869; x_wconf 82' lang='lat' dir='ltr'><strong>cuius</strong></span> <span class='ocrx_word' id='word_1_97' title='bbox 358 826 538 868; x_wconf 86' lang='lat' dir='ltr'><strong>historiis</strong></span> <span class='ocrx_word' id='word_1_98' title='bbox 557 839 630 867; x_wconf 90' lang='lat' dir='ltr'><strong>nos</strong></span> <span class='ocrx_word' id='word_1_99' title='bbox 650 838 806 879; x_wconf 88' lang='lat' dir='ltr'><strong>quoque</strong></span> <span class='ocrx_word' id='word_1_100' title='bbox 826 831 1009 867; x_wconf 88' lang='lat' dir='ltr'><strong>tenemus</strong></span> <span class='ocrx_word' id='word_1_101' title='bbox 1036 825 1326 878; x_wconf 81' lang='lat' dir='ltr'><strong>descriptiones</strong></span> <span class='ocrx_word' id='word_1_102' title='bbox 1351 838 1419 866; x_wconf 86' lang='lat' dir='ltr'><strong>eas</strong></span> <span class='ocrx_word' id='word_1_103' title='bbox 1437 825 1706 879; x_wconf 84' lang='lat' dir='ltr'><strong>pulcherrime</strong></span> <span class='ocrx_word' id='word_1_104' title='bbox 1732 839 1799 867; x_wconf 88' lang='lat' dir='ltr'><strong>ex·</strong></span> 
     </span>
     <span class='ocr_line' id='line_1_14' title="bbox 224 887 1800 948; baseline 0 -15"><span class='ocrx_word' id='word_1_105' title='bbox 224 893 393 947; x_wconf 70' lang='lat' dir='ltr'><strong>positas:</strong></span> <span class='ocrx_word' id='word_1_106' title='bbox 420 891 590 933; x_wconf 81' lang='lat' dir='ltr'><strong>fidentes</strong></span> <span class='ocrx_word' id='word_1_107' title='bbox 614 904 754 933; x_wconf 84' lang='lat' dir='ltr'><strong>versus</strong></span> <span class='ocrx_word' id='word_1_108' title='bbox 780 891 898 945; x_wconf 90' lang='lat' dir='ltr'><strong>Soph.</strong></span> <span class='ocrx_word' id='word_1_109' title='bbox 924 892 966 931; x_wconf 91' lang='lat' dir='ltr'><strong>in</strong></span> <span class='ocrx_word' id='word_1_110' title='bbox 992 903 1118 944; x_wconf 87' lang='lat' dir='ltr'><strong>aequo</strong></span> <span class='ocrx_word' id='word_1_111' title='bbox 1142 892 1328 944; x_wconf 86' lang='lat' dir='ltr'><strong>ponimus</strong></span> <span class='ocrx_word' id='word_1_112' title='bbox 1352 891 1485 932; x_wconf 85' lang='lat' dir='ltr'><strong>verbis</strong></span> <span class='ocrx_word' id='word_1_113' title='bbox 1503 891 1643 932; x_wconf 88' lang='lat' dir='ltr'><strong>Hdteis</strong></span> <span class='ocrx_word' id='word_1_114' title='bbox 1668 887 1800 948; x_wconf 54' lang='lat'>(2⁸02</span> 
     </span>
     <span class='ocr_line' id='line_1_15' title="bbox 221 951 1799 1012; baseline 0 -13"><span class='ocrx_word' id='word_1_115' title='bbox 221 958 405 1012; x_wconf 74' lang='lat' dir='ltr'><strong>Aegyptii</strong></span> <span class='ocrx_word' id='word_1_116' title='bbox 429 956 483 999; x_wconf 80' lang='grc' dir='ltr'><strong>τὰ</strong></span> <span class='ocrx_word' id='word_1_117' title='bbox 507 956 648 999; x_wconf 76' lang='grc' dir='ltr'><strong><em>πολλὰ</em></strong></span> <span class='ocrx_word' id='word_1_118' title='bbox 673 955 817 998; x_wconf 79' lang='grc' dir='ltr'><strong><em>πάντα</em></strong></span> <span class='ocrx_word' id='word_1_119' title='bbox 836 951 1026 1010; x_wconf 75' lang='grc' dir='ltr'><strong><em>ἔμπαλιν</em></strong></span> <span class='ocrx_word' id='word_1_120' title='bbox 1045 961 1162 998; x_wconf 83' lang='grc' dir='ltr'><strong><em>τοῖσι</em></strong></span> <span class='ocrx_word' id='word_1_121' title='bbox 1181 955 1355 997; x_wconf 76' lang='grc' dir='ltr'><strong><em>ἄλλοισι</em></strong></span> <span class='ocrx_word' id='word_1_122' title='bbox 1374 954 1655 1009; x_wconf 76' lang='grc' dir='ltr'><strong><em>ἀνθρώποισι</em></strong></span> <span class='ocrx_word' id='word_1_123' title='bbox 1676 954 1799 1012; x_wconf 78' lang='grc' dir='ltr'><strong><em>ἐστή-</em></strong></span> 
     </span>
     <span class='ocr_line' id='line_1_16' title="bbox 224 1017 1799 1077; baseline -0.001 -11"><span class='ocrx_word' id='word_1_124' title='bbox 224 1033 363 1066; x_wconf 73' lang='grc' dir='ltr'><strong><em>σαντο</em></strong></span> <span class='ocrx_word' id='word_1_125' title='bbox 387 1021 502 1077; x_wconf 73' lang='grc' dir='ltr'><strong>ἤθεά</strong></span> <span class='ocrx_word' id='word_1_126' title='bbox 526 1036 574 1064; x_wconf 83' lang='grc' dir='ltr'><strong>τε</strong></span> <span class='ocrx_word' id='word_1_127' title='bbox 598 1021 672 1064; x_wconf 81' lang='grc' dir='ltr'><strong>καὶ</strong></span> <span class='ocrx_word' id='word_1_128' title='bbox 697 1022 880 1075; x_wconf 84' lang='grc' dir='ltr'><strong><em>νόμους·</em></strong></span> <span class='ocrx_word' id='word_1_129' title='bbox 906 1018 957 1063; x_wconf 82' lang='grc' dir='ltr'><strong>ἐν</strong></span> <span class='ocrx_word' id='word_1_130' title='bbox 980 1028 1096 1063; x_wconf 79' lang='grc' dir='ltr'><strong><em>τοῖσι</em></strong></span> <span class='ocrx_word' id='word_1_131' title='bbox 1123 1019 1174 1063; x_wconf 77' lang='grc' dir='ltr'><strong>αἱ</strong></span> <span class='ocrx_word' id='word_1_132' title='bbox 1192 1017 1275 1076; x_wconf 74' lang='grc' dir='ltr'><strong>μὲν</strong></span> <span class='ocrx_word' id='word_1_133' title='bbox 1299 1027 1508 1075; x_wconf 74' lang='grc' dir='ltr'><strong><em>γυναῖκες</em></strong></span> <span class='ocrx_word' id='word_1_134' title='bbox 1532 1020 1799 1076; x_wconf 78' lang='grc' dir='ltr'><em>ἀγοράζουσι</em></span> 
     </span>
     <span class='ocr_line' id='line_1_17' title="bbox 223 1081 1798 1142; baseline 0 -12"><span class='ocrx_word' id='word_1_135' title='bbox 223 1084 298 1131; x_wconf 70' lang='grc' dir='ltr'><strong>καὶ</strong></span> <span class='ocrx_word' id='word_1_136' title='bbox 336 1085 657 1142; x_wconf 72' lang='grc' dir='ltr'><strong><em>καπηλεύουσι,</em></strong></span> <span class='ocrx_word' id='word_1_137' title='bbox 691 1085 736 1128; x_wconf 77' lang='grc' dir='ltr'><strong>οἱ</strong></span> <span class='ocrx_word' id='word_1_138' title='bbox 770 1081 820 1128; x_wconf 74' lang='grc' dir='ltr'><strong>δὲ</strong></span> <span class='ocrx_word' id='word_1_139' title='bbox 853 1084 1013 1141; x_wconf 81' lang='grc' dir='ltr'><strong><em>ἄνδρες</em></strong></span> <span class='ocrx_word' id='word_1_140' title='bbox 1045 1082 1138 1128; x_wconf 82' lang='grc' dir='ltr'><strong><em>κατ’</em></strong></span> <span class='ocrx_word' id='word_1_141' title='bbox 1181 1084 1333 1135; x_wconf 80' lang='grc' dir='ltr'><strong><em>οἴκους</em></strong></span> <span class='ocrx_word' id='word_1_142' title='bbox 1369 1083 1517 1136; x_wconf 80' lang='grc' dir='ltr'><strong><em>ἐόντες</em></strong></span> <span class='ocrx_word' id='word_1_143' title='bbox 1552 1085 1798 1142; x_wconf 84' lang='grc' dir='ltr'><strong><em>ὑφαίνουσι</em></strong></span> 
     </span>
    </p>
   </div>
   <div class='ocr_carea' id='block_1_6' title="bbox 224 1149 1873 1209">
    <p class='ocr_par' dir='ltr' id='par_1_6' title="bbox 224 1149 1873 1209">
     <span class='ocr_line' id='line_1_18' title="bbox 224 1149 1873 1209; baseline 0 -14"><span class='ocrx_word' id='word_1_144' title='bbox 224 1149 387 1209; x_wconf 66' lang='grc' dir='ltr'><strong>(πάντα</strong></span> <span class='ocrx_word' id='word_1_145' title='bbox 410 1165 446 1193; x_wconf 76' lang='grc' dir='ltr'><strong>ν.</strong></span> <span class='ocrx_word' id='word_1_146' title='bbox 471 1150 558 1193; x_wconf 75' lang='grc' dir='ltr'><strong>33Ί</strong></span> <span class='ocrx_word' id='word_1_147' title='bbox 587 1150 652 1193; x_wconf 86' lang='lat' dir='ltr'><strong>‘ex</strong></span> <span class='ocrx_word' id='word_1_148' title='bbox 677 1153 786 1193; x_wconf 93' lang='lat' dir='ltr'><strong>omni</strong></span> <span class='ocrx_word' id='word_1_149' title='bbox 810 1150 938 1205; x_wconf 86' lang='lat' dir='ltr'><strong>parte’</strong></span> <span class='ocrx_word' id='word_1_150' title='bbox 965 1153 1163 1193; x_wconf 80' lang='lat' dir='ltr'><strong>rhetorice</strong></span> <span class='ocrx_word' id='word_1_151' title='bbox 1190 1157 1251 1193; x_wconf 89' lang='lat' dir='ltr'><strong>est</strong></span> <span class='ocrx_word' id='word_1_152' title='bbox 1275 1149 1561 1207; x_wconf 82' lang='lat' dir='ltr'><strong>usurpatum.⁸)</strong></span> <span class='ocrx_word' id='word_1_153' title='bbox 1615 1159 1659 1195; x_wconf 90' lang='lat' dir='ltr'><strong>ut</strong></span> <span class='ocrx_word' id='word_1_154' title='bbox 1683 1166 1797 1207; x_wconf 83' lang='lat' dir='ltr'><strong>prae·</strong></span> <span class='ocrx_word' id='word_1_155' title='bbox 1870 1178 1873 1181; x_wconf 98' lang='lat'>-</span> 
     </span>
    </p>
   </div>
   <div class='ocr_carea' id='block_1_7' title="bbox 218 1217 1797 1339">
    <p class='ocr_par' dir='ltr' id='par_1_7' title="bbox 218 1217 1797 1339">
     <span class='ocr_line' id='line_1_19' title="bbox 218 1217 1797 1271; baseline 0.001 -11"><span class='ocrx_word' id='word_1_156' title='bbox 218 1219 486 1260; x_wconf 80' lang='lat' dir='ltr'><strong>termittamus</strong></span> <span class='ocrx_word' id='word_1_157' title='bbox 505 1217 592 1258; x_wconf 85' lang='lat' dir='ltr'><strong>illas</strong></span> <span class='ocrx_word' id='word_1_158' title='bbox 612 1218 894 1271; x_wconf 77' lang='lat' dir='ltr'><strong>Aegyptiorum</strong></span> <span class='ocrx_word' id='word_1_159' title='bbox 914 1217 1225 1258; x_wconf 87' lang='lat' dir='ltr'><strong>consuetudines</strong></span> <span class='ocrx_word' id='word_1_160' title='bbox 1245 1217 1293 1258; x_wconf 89' lang='lat' dir='ltr'><strong>ad</strong></span> <span class='ocrx_word' id='word_1_161' title='bbox 1314 1217 1622 1271; x_wconf 86' lang='lat' dir='ltr'><strong>discrepantiam</strong></span> <span class='ocrx_word' id='word_1_162' title='bbox 1641 1232 1797 1261; x_wconf 88' lang='lat' dir='ltr'><strong>morum</strong></span> 
     </span>
     <span class='ocr_line' id='line_1_20' title="bbox 219 1279 1796 1339; baseline 0.001 -14"><span class='ocrx_word' id='word_1_163' title='bbox 219 1282 464 1325; x_wconf 73' lang='lat' dir='ltr'><strong>Graecorum</strong></span> <span class='ocrx_word' id='word_1_164' title='bbox 490 1282 711 1336; x_wconf 82' lang='lat' dir='ltr'><strong>augendam</strong></span> <span class='ocrx_word' id='word_1_165' title='bbox 742 1288 853 1323; x_wconf 86' lang='lat' dir='ltr'><strong>extra</strong></span> <span class='ocrx_word' id='word_1_166' title='bbox 884 1282 1047 1323; x_wconf 93' lang='lat' dir='ltr'><strong>modum</strong></span> <span class='ocrx_word' id='word_1_167' title='bbox 1073 1283 1196 1324; x_wconf 86' lang='lat' dir='ltr'><strong>elatas</strong></span> <span class='ocrx_word' id='word_1_168' title='bbox 1223 1295 1311 1324; x_wconf 89' lang='lat' dir='ltr'><strong>esse</strong></span> <span class='ocrx_word' id='word_1_169' title='bbox 1337 1283 1386 1324; x_wconf 88' lang='lat' dir='ltr'><strong>ab</strong></span> <span class='ocrx_word' id='word_1_170' title='bbox 1412 1283 1514 1325; x_wconf 86' lang='lat' dir='ltr'><strong>Hdto</strong></span> <span class='ocrx_word' id='word_1_171' title='bbox 1541 1279 1611 1339; x_wconf 85' lang='lat' dir='ltr'><strong>(cl&#39;.</strong></span> <span class='ocrx_word' id='word_1_172' title='bbox 1638 1284 1796 1326; x_wconf 87' lang='lat' dir='ltr'><strong>Wiede·</strong></span> 
     </span>
    </p>
   </div>
   <div class='ocr_carea' id='block_1_8' title="bbox 216 1345 1069 1403">
    <p class='ocr_par' dir='ltr' id='par_1_8' title="bbox 216 1345 1069 1403">
     <span class='ocr_line' id='line_1_21' title="bbox 216 1345 1069 1403; baseline -0.002 -12"><span class='ocrx_word' id='word_1_173' title='bbox 216 1350 354 1391; x_wconf 75' lang='lat' dir='ltr'><strong>manni</strong></span> <span class='ocrx_word' id='word_1_174' title='bbox 380 1354 591 1390; x_wconf 85' lang='lat' dir='ltr'><strong>comment.</strong></span> <span class='ocrx_word' id='word_1_175' title='bbox 618 1348 667 1389; x_wconf 82' lang='lat' dir='ltr'><strong>ad</strong></span> <span class='ocrx_word' id='word_1_176' title='bbox 693 1348 781 1389; x_wconf 89' lang='lat' dir='ltr'><strong>libr.</strong></span> <span class='ocrx_word' id='word_1_177' title='bbox 807 1348 854 1389; x_wconf 87' lang='lat'><strong>11.</strong></span> <span class='ocrx_word' id='word_1_178' title='bbox 883 1345 1069 1403; x_wconf 82' lang='lat'><strong>1890).⁴)</strong></span> 
     </span>
    </p>
   </div>
   <div class='ocr_carea' id='block_1_9' title="bbox 212 1475 1829 2914">
    <p class='ocr_par' dir='ltr' id='par_1_9' title="bbox 215 1475 1829 1843">
     <span class='ocr_line' id='line_1_22' title="bbox 279 1475 1798 1523; baseline 0.001 -11"><span class='ocrx_word' id='word_1_179' title='bbox 279 1477 315 1520; x_wconf 83' lang='lat'><strong>1)</strong></span> <span class='ocrx_word' id='word_1_180' title='bbox 339 1476 481 1523; x_wconf 85' lang='lat' dir='ltr'><strong>quippe</strong></span> <span class='ocrx_word' id='word_1_181' title='bbox 519 1475 712 1511; x_wconf 67' lang='lat' dir='ltr'><strong>simillima</strong></span> <span class='ocrx_word' id='word_1_182' title='bbox 740 1476 828 1511; x_wconf 87' lang='lat' dir='ltr'><strong>huic</strong></span> <span class='ocrx_word' id='word_1_183' title='bbox 858 1475 911 1511; x_wconf 85' lang='lat' dir='ltr'><strong>rei</strong></span> <span class='ocrx_word' id='word_1_184' title='bbox 943 1475 1055 1511; x_wconf 76' lang='lat' dir='ltr'><strong>affero</strong></span> <span class='ocrx_word' id='word_1_185' title='bbox 1086 1476 1215 1519; x_wconf 74' lang='lat' dir='ltr'><strong>verbs,</strong></span> <span class='ocrx_word' id='word_1_186' title='bbox 1254 1487 1348 1522; x_wconf 80' lang='lat' dir='ltr'><strong>quae</strong></span> <span class='ocrx_word' id='word_1_187' title='bbox 1379 1475 1599 1513; x_wconf 86' lang='lat' dir='ltr'><strong>Gutschmid</strong></span> <span class='ocrx_word' id='word_1_188' title='bbox 1630 1478 1798 1514; x_wconf 67' lang='lat' dir='ltr'><strong>enuntiat</strong></span> 
     </span>
     <span class='ocr_line' id='line_1_23' title="bbox 217 1529 1798 1577; baseline 0.001 -11"><span class='ocrx_word' id='word_1_189' title='bbox 217 1529 266 1566; x_wconf 80' lang='lat' dir='ltr'><strong>de</strong></span> <span class='ocrx_word' id='word_1_190' title='bbox 289 1529 540 1566; x_wconf 60' lang='lat' dir='ltr'><strong>Amazonibus</strong></span> <span class='ocrx_word' id='word_1_191' title='bbox 565 1531 704 1575; x_wconf 89' lang='lat' dir='ltr'><strong>(opusc.</strong></span> <span class='ocrx_word' id='word_1_192' title='bbox 731 1534 764 1572; x_wconf 78' lang='grc' dir='ltr'><strong>ὁ,</strong></span> <span class='ocrx_word' id='word_1_193' title='bbox 792 1532 896 1572; x_wconf 78' lang='grc'>1894,</span> <span class='ocrx_word' id='word_1_194' title='bbox 921 1531 1005 1577; x_wconf 79' lang='lat'><strong>¹¹¹):</strong></span> <span class='ocrx_word' id='word_1_195' title='bbox 1034 1529 1173 1565; x_wconf 74' lang='lat' dir='ltr'><strong>‘echter</strong></span> <span class='ocrx_word' id='word_1_196' title='bbox 1196 1529 1424 1566; x_wconf 72' lang='lat' dir='ltr'><strong>Bestnndteil</strong></span> <span class='ocrx_word' id='word_1_197' title='bbox 1449 1531 1515 1566; x_wconf 90' lang='lat' dir='ltr'><strong>der</strong></span> <span class='ocrx_word' id='word_1_198' title='bbox 1539 1530 1633 1577; x_wconf 65' lang='lat' dir='ltr'><strong>sege</strong></span> <span class='ocrx_word' id='word_1_199' title='bbox 1658 1532 1708 1567; x_wconf 80' lang='lat' dir='ltr'><strong>ist</strong></span> <span class='ocrx_word' id='word_1_200' title='bbox 1732 1533 1798 1568; x_wconf 87' lang='lat' dir='ltr'><strong>der</strong></span> 
     </span>
     <span class='ocr_line' id='line_1_24' title="bbox 217 1581 1829 1625; baseline 0.002 -6"><span class='ocrx_word' id='word_1_201' title='bbox 217 1581 509 1620; x_wconf 71' lang='lat' dir='ltr'><strong>nononveehssl</strong></span> <span class='ocrx_word' id='word_1_202' title='bbox 533 1583 600 1619; x_wconf 88' lang='lat' dir='ltr'><strong>der</strong></span> <span class='ocrx_word' id='word_1_203' title='bbox 623 1582 759 1619; x_wconf 89' lang='lat' dir='ltr'><strong>beiden</strong></span> <span class='ocrx_word' id='word_1_204' title='bbox 778 1581 1047 1625; x_wconf 79' lang='lat' dir='ltr'><strong>Gescblechter,</strong></span> <span class='ocrx_word' id='word_1_205' title='bbox 1072 1583 1143 1619; x_wconf 76' lang='lat' dir='ltr'><strong>wie</strong></span> <span class='ocrx_word' id='word_1_206' title='bbox 1168 1583 1234 1618; x_wconf 87' lang='lat' dir='ltr'><strong>ihn</strong></span> <span class='ocrx_word' id='word_1_207' title='bbox 1252 1594 1313 1619; x_wconf 75' lang='lat' dir='ltr'><strong>nm</strong></span> <span class='ocrx_word' id='word_1_208' title='bbox 1333 1584 1559 1620; x_wconf 68' lang='lat' dir='ltr'><strong>einfuchsten</strong></span> <span class='ocrx_word' id='word_1_209' title='bbox 1578 1597 1614 1620; x_wconf 92' lang='lat' dir='ltr'><strong>u.</strong></span> <span class='ocrx_word' id='word_1_210' title='bbox 1634 1587 1796 1622; x_wconf 76' lang='lat' dir='ltr'><strong>treusten</strong></span> <span class='ocrx_word' id='word_1_211' title='bbox 1825 1601 1829 1605; x_wconf 83' lang='grc'><em>·</em></span> 
     </span>
     <span class='ocr_line' id='line_1_25' title="bbox 217 1635 1796 1685; baseline 0.002 -12"><span class='ocrx_word' id='word_1_212' title='bbox 217 1635 434 1685; x_wconf 61' lang='grc' dir='ltr'><strong>Ῐ)ἰοιὶοι·845</strong></span> <span class='ocrx_word' id='word_1_213' title='bbox 455 1636 669 1682; x_wconf 71' lang='lat' dir='ltr'><strong>vidergibt:</strong></span> <span class='ocrx_word' id='word_1_214' title='bbox 697 1636 758 1672; x_wconf 87' lang='lat' dir='ltr'><strong>die</strong></span> <span class='ocrx_word' id='word_1_215' title='bbox 778 1636 1147 1683; x_wconf 69' lang='lat' dir='ltr'><strong>Amnonenkbm&#39;gin</strong></span> <span class='ocrx_word' id='word_1_216' title='bbox 1165 1637 1239 1683; x_wconf 80' lang='lat' dir='ltr'><strong>gab</strong></span> <span class='ocrx_word' id='word_1_217' title='bbox 1260 1638 1320 1673; x_wconf 87' lang='lat' dir='ltr'><strong>ein</strong></span> <span class='ocrx_word' id='word_1_218' title='bbox 1337 1637 1477 1681; x_wconf 82' lang='lat' dir='ltr'><strong>Gesetz,</strong></span> <span class='ocrx_word' id='word_1_219' title='bbox 1498 1639 1563 1673; x_wconf 76' lang='lat' dir='ltr'><strong>dns</strong></span> <span class='ocrx_word' id='word_1_220' title='bbox 1578 1639 1639 1675; x_wconf 84' lang='lat' dir='ltr'><strong>die</strong></span> <span class='ocrx_word' id='word_1_221' title='bbox 1651 1639 1796 1676; x_wconf 78' lang='lat' dir='ltr'><strong>Frnnen</strong></span> 
     </span>
     <span class='ocr_line' id='line_1_26' title="bbox 215 1689 1797 1740; baseline 0.002 -14"><span class='ocrx_word' id='word_1_222' title='bbox 215 1701 262 1726; x_wconf 72' lang='lat' dir='ltr'><strong>zu</strong></span> <span class='ocrx_word' id='word_1_223' title='bbox 279 1689 555 1740; x_wconf 76' lang='lat' dir='ltr'><strong>kriegerischen</strong></span> <span class='ocrx_word' id='word_1_224' title='bbox 574 1689 759 1735; x_wconf 61' lang='lat' dir='ltr'><strong>Kimpfen</strong></span> <span class='ocrx_word' id='word_1_225' title='bbox 779 1700 899 1735; x_wconf 77' lang='lat' dir='ltr'><strong>erzog,</strong></span> <span class='ocrx_word' id='word_1_226' title='bbox 920 1691 991 1725; x_wconf 87' lang='lat' dir='ltr'><strong>den</strong></span> <span class='ocrx_word' id='word_1_227' title='bbox 1003 1690 1182 1726; x_wconf 60' lang='lat' dir='ltr'><strong>Minnem</strong></span> <span class='ocrx_word' id='word_1_228' title='bbox 1196 1691 1470 1737; x_wconf 84' lang='lat' dir='ltr'><strong>Emiedrigung</strong></span> <span class='ocrx_word' id='word_1_229' title='bbox 1489 1705 1523 1727; x_wconf 92' lang='lat' dir='ltr'><strong>u.</strong></span> <span class='ocrx_word' id='word_1_230' title='bbox 1535 1692 1797 1730; x_wconf 72' lang='lat' dir='ltr'><strong>Knechtschnst.</strong></span> 
     </span>
     <span class='ocr_line' id='line_1_27' title="bbox 218 1742 1794 1789; baseline 0.002 -9"><span class='ocrx_word' id='word_1_231' title='bbox 218 1743 379 1789; x_wconf 61' lang='lat' dir='ltr'><strong>nubium</strong></span> <span class='ocrx_word' id='word_1_232' title='bbox 413 1743 485 1779; x_wconf 86' lang='lat' dir='ltr'><strong>den</strong></span> <span class='ocrx_word' id='word_1_233' title='bbox 510 1743 690 1779; x_wconf 63' lang='lat' dir='ltr'><strong>Mannem</strong></span> <span class='ocrx_word' id='word_1_234' title='bbox 719 1742 821 1779; x_wconf 70' lang='lat' dir='ltr'><strong>tento</strong></span> <span class='ocrx_word' id='word_1_235' title='bbox 854 1744 907 1779; x_wconf 87' lang='lat' dir='ltr'><strong>sie</strong></span> <span class='ocrx_word' id='word_1_236' title='bbox 939 1744 1000 1779; x_wconf 87' lang='lat' dir='ltr'><strong>die</strong></span> <span class='ocrx_word' id='word_1_237' title='bbox 1025 1743 1310 1789; x_wconf 77' lang='lat' dir='ltr'><strong>Spinnarbeiten</strong></span> <span class='ocrx_word' id='word_1_238' title='bbox 1336 1757 1372 1780; x_wconf 89' lang='lat' dir='ltr'><strong>u.</strong></span> <span class='ocrx_word' id='word_1_239' title='bbox 1398 1746 1459 1781; x_wconf 88' lang='lat' dir='ltr'><strong>die</strong></span> <span class='ocrx_word' id='word_1_240' title='bbox 1483 1745 1702 1782; x_wconf 69' lang='lat' dir='ltr'><strong>httuslichen</strong></span> <span class='ocrx_word' id='word_1_241' title='bbox 1726 1747 1794 1784; x_wconf 91' lang='lat' dir='ltr'><strong>Be-</strong></span> 
     </span>
     <span class='ocr_line' id='line_1_28' title="bbox 217 1796 869 1843; baseline 0 -11"><span class='ocrx_word' id='word_1_242' title='bbox 217 1796 504 1843; x_wconf 68' lang='lat' dir='ltr'><strong>·ohfflgungen</strong></span> <span class='ocrx_word' id='word_1_243' title='bbox 529 1797 596 1832; x_wconf 87' lang='lat' dir='ltr'><strong>der</strong></span> <span class='ocrx_word' id='word_1_244' title='bbox 619 1796 773 1833; x_wconf 76' lang='lat' dir='ltr'><strong>Weiber</strong></span> <span class='ocrx_word' id='word_1_245' title='bbox 796 1797 869 1832; x_wconf 75' lang='grc' dir='ltr'><strong>ω’.</strong></span> 
     </span>
    </p>

    <p class='ocr_par' dir='ltr' id='par_1_10' title="bbox 219 1850 1792 1950">
     <span class='ocr_line' id='line_1_29' title="bbox 277 1850 1792 1896; baseline 0.003 -11"><span class='ocrx_word' id='word_1_246' title='bbox 277 1851 314 1896; x_wconf 71' lang='lat'><strong>2)</strong></span> <span class='ocrx_word' id='word_1_247' title='bbox 339 1850 561 1886; x_wconf 66' lang='lat' dir='ltr'><strong>adiuvamur</strong></span> <span class='ocrx_word' id='word_1_248' title='bbox 590 1860 647 1893; x_wconf 87' lang='lat' dir='ltr'><strong>eo,</strong></span> <span class='ocrx_word' id='word_1_249' title='bbox 678 1851 780 1895; x_wconf 88' lang='lat' dir='ltr'><strong>quod</strong></span> <span class='ocrx_word' id='word_1_250' title='bbox 810 1862 845 1886; x_wconf 69' lang='grc' dir='ltr'><strong>ν.</strong></span> <span class='ocrx_word' id='word_1_251' title='bbox 871 1854 942 1887; x_wconf 80' lang='grc'><strong>388</strong></span> <span class='ocrx_word' id='word_1_252' title='bbox 973 1851 1178 1894; x_wconf 74' lang='grc' dir='ltr'><strong><em>κατεικάζω</em></strong></span> <span class='ocrx_word' id='word_1_253' title='bbox 1203 1852 1426 1888; x_wconf 79' lang='lat' dir='ltr'><strong>vocabulum</strong></span> <span class='ocrx_word' id='word_1_254' title='bbox 1452 1856 1507 1889; x_wconf 84' lang='lat' dir='ltr'><strong>est</strong></span> <span class='ocrx_word' id='word_1_255' title='bbox 1531 1853 1712 1889; x_wconf 84' lang='lat' dir='ltr'><strong>Ionicum:</strong></span> <span class='ocrx_word' id='word_1_256' title='bbox 1748 1855 1792 1891; x_wconf 79' lang='lat' dir='ltr'><strong>cf.</strong></span> 
     </span>
     <span class='ocr_line' id='line_1_30' title="bbox 219 1903 933 1950; baseline 0 -10"><span class='ocrx_word' id='word_1_257' title='bbox 219 1903 440 1948; x_wconf 55' lang='lat' dir='ltr'><strong>witichind,</strong></span> <span class='ocrx_word' id='word_1_258' title='bbox 466 1914 586 1940; x_wconf 86' lang='lat' dir='ltr'><strong>senno</strong></span> <span class='ocrx_word' id='word_1_259' title='bbox 611 1903 722 1950; x_wconf 80' lang='lat' dir='ltr'><strong>Soph.</strong></span> <span class='ocrx_word' id='word_1_260' title='bbox 749 1925 794 1931; x_wconf 98' lang='lat'><strong>—</strong></span> <span class='ocrx_word' id='word_1_261' title='bbox 819 1916 855 1950; x_wconf 91' lang='lat' dir='ltr'><strong>p.</strong></span> <span class='ocrx_word' id='word_1_262' title='bbox 877 1908 933 1940; x_wconf 81' lang='lat'><strong>34.</strong></span> 
     </span>
    </p>

    <p class='ocr_par' dir='ltr' id='par_1_11' title="bbox 213 1956 1793 2274">
     <span class='ocr_line' id='line_1_31' title="bbox 274 1956 1792 2007; baseline 0.004 -15"><span class='ocrx_word' id='word_1_263' title='bbox 274 1958 312 2003; x_wconf 75' lang='lat'><strong>⁸)</strong></span> <span class='ocrx_word' id='word_1_264' title='bbox 336 1956 376 1993; x_wconf 81' lang='grc' dir='ltr'><strong>Ε.</strong></span> <span class='ocrx_word' id='word_1_265' title='bbox 391 1956 519 1993; x_wconf 86' lang='lat' dir='ltr'><strong>Bruhn</strong></span> <span class='ocrx_word' id='word_1_266' title='bbox 538 1956 604 2003; x_wconf 78' lang='lat' dir='ltr'><strong>(m.</strong></span> <span class='ocrx_word' id='word_1_267' title='bbox 625 1958 684 1994; x_wconf 90' lang='lat' dir='ltr'><strong>Jb.</strong></span> <span class='ocrx_word' id='word_1_268' title='bbox 705 1957 825 2004; x_wconf 71' lang='lat' dir='ltr'><strong>suppl</strong></span> <span class='ocrx_word' id='word_1_269' title='bbox 850 1963 892 1994; x_wconf 85' lang='lat'><strong>15</strong></span> <span class='ocrx_word' id='word_1_270' title='bbox 915 1961 1006 1994; x_wconf 77' lang='lat'>1887</span> <span class='ocrx_word' id='word_1_271' title='bbox 1026 1970 1062 2004; x_wconf 90' lang='lat' dir='ltr'><strong>p.</strong></span> <span class='ocrx_word' id='word_1_272' title='bbox 1078 1962 1203 2007; x_wconf 55' lang='lat'>31132)</span> <span class='ocrx_word' id='word_1_273' title='bbox 1224 1960 1373 1996; x_wconf 78' lang='lat' dir='ltr'><strong>exhibet:</strong></span> <span class='ocrx_word' id='word_1_274' title='bbox 1390 1961 1437 1996; x_wconf 87' lang='lat' dir='ltr'><strong>de</strong></span> <span class='ocrx_word' id='word_1_275' title='bbox 1456 1961 1525 1997; x_wconf 77' lang='lat' dir='ltr'><strong>hac</strong></span> <span class='ocrx_word' id='word_1_276' title='bbox 1544 1973 1632 1998; x_wconf 84' lang='lat' dir='ltr'><strong>voce</strong></span> <span class='ocrx_word' id='word_1_277' title='bbox 1650 1961 1792 1999; x_wconf 66' lang='lat' dir='ltr'><strong>noina:</strong></span> 
     </span>
     <span class='ocr_line' id='line_1_32' title="bbox 216 2010 1793 2061; baseline 0.003 -14"><span class='ocrx_word' id='word_1_278' title='bbox 216 2010 379 2057; x_wconf 77' lang='lat' dir='ltr'><strong>‘respici</strong></span> <span class='ocrx_word' id='word_1_279' title='bbox 396 2010 432 2046; x_wconf 82' lang='lat' dir='ltr'><strong>h.</strong></span> <span class='ocrx_word' id='word_1_280' title='bbox 459 2010 483 2046; x_wconf 85' lang='lat' dir='ltr'><strong>l.</strong></span> <span class='ocrx_word' id='word_1_281' title='bbox 516 2010 657 2047; x_wconf 81' lang='lat' dir='ltr'><strong>Hdtum</strong></span> <span class='ocrx_word' id='word_1_282' title='bbox 688 2021 806 2057; x_wconf 85' lang='lat' dir='ltr'><strong>prope</strong></span> <span class='ocrx_word' id='word_1_283' title='bbox 836 2017 1024 2059; x_wconf 72' lang='grc' dir='ltr'><strong>γοαμμικῇ</strong></span> <span class='ocrx_word' id='word_1_284' title='bbox 1058 2013 1247 2056; x_wconf 74' lang='grc' dir='ltr'><strong><em>ἀποδείξει</em></strong></span> <span class='ocrx_word' id='word_1_285' title='bbox 1280 2013 1428 2059; x_wconf 79' lang='lat' dir='ltr'><strong>probari</strong></span> <span class='ocrx_word' id='word_1_286' title='bbox 1459 2017 1589 2060; x_wconf 83' lang='lat' dir='ltr'><strong>potest.</strong></span> <span class='ocrx_word' id='word_1_287' title='bbox 1629 2015 1793 2061; x_wconf 80' lang='lat' dir='ltr'><strong>Oedipus</strong></span> 
     </span>
     <span class='ocr_line' id='line_1_33' title="bbox 214 2063 1792 2115; baseline 0.003 -14"><span class='ocrx_word' id='word_1_288' title='bbox 214 2063 315 2102; x_wconf 82' lang='lat' dir='ltr'><strong>enim</strong></span> <span class='ocrx_word' id='word_1_289' title='bbox 340 2064 430 2100; x_wconf 86' lang='lat' dir='ltr'><strong>dum</strong></span> <span class='ocrx_word' id='word_1_290' title='bbox 456 2063 669 2100; x_wconf 87' lang='lat' dir='ltr'><strong>omnibus</strong></span> <span class='ocrx_word' id='word_1_291' title='bbox 689 2065 733 2100; x_wconf 89' lang='lat' dir='ltr'><strong>in</strong></span> <span class='ocrx_word' id='word_1_292' title='bbox 753 2065 907 2113; x_wconf 83' lang='lat' dir='ltr'><strong>rebus,</strong></span> <span class='ocrx_word' id='word_1_293' title='bbox 933 2066 1070 2102; x_wconf 76' lang='lat' dir='ltr'><strong>etiam</strong></span> <span class='ocrx_word' id='word_1_294' title='bbox 1090 2067 1187 2103; x_wconf 74' lang='lat' dir='ltr'><strong>vitae</strong></span> <span class='ocrx_word' id='word_1_295' title='bbox 1209 2067 1308 2102; x_wconf 86' lang='lat' dir='ltr'><strong>cultu</strong></span> <span class='ocrx_word' id='word_1_296' title='bbox 1328 2068 1468 2104; x_wconf 87' lang='lat' dir='ltr'><strong>similes</strong></span> <span class='ocrx_word' id='word_1_297' title='bbox 1489 2069 1580 2104; x_wconf 83' lang='lat' dir='ltr'><strong>dicit</strong></span> <span class='ocrx_word' id='word_1_298' title='bbox 1599 2069 1792 2115; x_wconf 77' lang='lat' dir='ltr'><strong>Aegyptiis</strong></span> 
     </span>
     <span class='ocr_line' id='line_1_34' title="bbox 215 2117 1793 2166; baseline 0.003 -13"><span class='ocrx_word' id='word_1_299' title='bbox 215 2117 324 2163; x_wconf 71' lang='lat' dir='ltr'><strong>filios,</strong></span> <span class='ocrx_word' id='word_1_300' title='bbox 350 2117 537 2164; x_wconf 67' lang='lat' dir='ltr'><strong>significat</strong></span> <span class='ocrx_word' id='word_1_301' title='bbox 554 2119 669 2154; x_wconf 80' lang='lat' dir='ltr'><strong>verba.</strong></span> <span class='ocrx_word' id='word_1_302' title='bbox 693 2119 862 2155; x_wconf 88' lang='lat' dir='ltr'><strong>eiusdem</strong></span> <span class='ocrx_word' id='word_1_303' title='bbox 887 2120 1018 2165; x_wconf 73' lang='lat' dir='ltr'><strong>capitis</strong></span> <span class='ocrx_word' id='word_1_304' title='bbox 1044 2123 1245 2165; x_wconf 76' lang='lat' dir='ltr'><strong>postrema:</strong></span> <span class='ocrx_word' id='word_1_305' title='bbox 1271 2120 1424 2166; x_wconf 79' lang='grc' dir='ltr'><strong><em>τρέφειν</em></strong></span> <span class='ocrx_word' id='word_1_306' title='bbox 1442 2122 1531 2163; x_wconf 75' lang='grc' dir='ltr'><strong>τοὺς</strong></span> <span class='ocrx_word' id='word_1_307' title='bbox 1548 2122 1680 2163; x_wconf 76' lang='grc' dir='ltr'><strong><em>τοκέας</em></strong></span> <span class='ocrx_word' id='word_1_308' title='bbox 1697 2128 1793 2158; x_wconf 72' lang='grc' dir='ltr'><strong><em>τοῖσι</em></strong></span> 
     </span>
     <span class='ocr_line' id='line_1_35' title="bbox 217 2170 1792 2223; baseline 0.003 -15"><span class='ocrx_word' id='word_1_309' title='bbox 217 2170 286 2218; x_wconf 59' lang='grc' dir='ltr'><strong>μὲν</strong></span> <span class='ocrx_word' id='word_1_310' title='bbox 302 2172 411 2208; x_wconf 63' lang='grc' dir='ltr'><strong><em>παισὶ</em></strong></span> <span class='ocrx_word' id='word_1_311' title='bbox 431 2170 589 2218; x_wconf 70' lang='grc' dir='ltr'><strong><em>οὐδεμία</em></strong></span> <span class='ocrx_word' id='word_1_312' title='bbox 609 2172 756 2218; x_wconf 77' lang='grc' dir='ltr'><strong><em>ἀνάγκη</em></strong></span> <span class='ocrx_word' id='word_1_313' title='bbox 776 2172 826 2218; x_wconf 88' lang='grc' dir='ltr'><strong>μὴ</strong></span> <span class='ocrx_word' id='word_1_314' title='bbox 845 2173 1115 2219; x_wconf 72' lang='grc' dir='ltr'><strong><em>βουλομένοισι,</em></strong></span> <span class='ocrx_word' id='word_1_315' title='bbox 1134 2178 1217 2220; x_wconf 77' lang='grc' dir='ltr'><strong><em>τῇσι</em></strong></span> <span class='ocrx_word' id='word_1_316' title='bbox 1238 2174 1278 2209; x_wconf 78' lang='grc' dir='ltr'><strong>δὲ</strong></span> <span class='ocrx_word' id='word_1_317' title='bbox 1298 2174 1510 2220; x_wconf 77' lang='grc' dir='ltr'><strong><em>θυγατράσι</em></strong></span> <span class='ocrx_word' id='word_1_318' title='bbox 1528 2181 1632 2211; x_wconf 82' lang='grc' dir='ltr'><strong>πᾶσα</strong></span> <span class='ocrx_word' id='word_1_319' title='bbox 1645 2175 1792 2223; x_wconf 78' lang='grc' dir='ltr'><em>ἀνάγκη</em></span> 
     </span>
     <span class='ocr_line' id='line_1_36' title="bbox 213 2224 1684 2274; baseline 0.001 -12"><span class='ocrx_word' id='word_1_320' title='bbox 213 2225 281 2262; x_wconf 72' lang='lat' dir='ltr'><strong>nat</strong></span> <span class='ocrx_word' id='word_1_321' title='bbox 305 2224 356 2272; x_wconf 82' lang='grc' dir='ltr'><strong>μὴ</strong></span> <span class='ocrx_word' id='word_1_322' title='bbox 381 2224 679 2273; x_wconf 69' lang='grc' dir='ltr'><strong><em>βουλομένῃσιν’.</em></strong></span> <span class='ocrx_word' id='word_1_323' title='bbox 720 2226 763 2261; x_wconf 88' lang='lat' dir='ltr'><strong>cf.</strong></span> <span class='ocrx_word' id='word_1_324' title='bbox 791 2225 901 2271; x_wconf 87' lang='lat' dir='ltr'><strong>Soph.</strong></span> <span class='ocrx_word' id='word_1_325' title='bbox 929 2226 1055 2272; x_wconf 80' lang='lat' dir='ltr'><strong>Antig.</strong></span> <span class='ocrx_word' id='word_1_326' title='bbox 1082 2227 1139 2263; x_wconf 86' lang='lat' dir='ltr'><strong>ed.</strong></span> <span class='ocrx_word' id='word_1_327' title='bbox 1166 2227 1336 2263; x_wconf 87' lang='lat' dir='ltr'><strong>Schneid.</strong></span> <span class='ocrx_word' id='word_1_328' title='bbox 1362 2227 1395 2263; x_wconf 90' lang='lat' dir='ltr'>X</span> <span class='ocrx_word' id='word_1_329' title='bbox 1423 2232 1513 2264; x_wconf 79' lang='lat'>1904</span> <span class='ocrx_word' id='word_1_330' title='bbox 1539 2241 1576 2274; x_wconf 86' lang='lat' dir='ltr'><strong>p.</strong></span> <span class='ocrx_word' id='word_1_331' title='bbox 1596 2233 1641 2264; x_wconf 82' lang='grc'><strong>86</strong></span> <span class='ocrx_word' id='word_1_332' title='bbox 1656 2241 1684 2264; x_wconf 91' lang='lat' dir='ltr'><strong>s.</strong></span> 
     </span>
    </p>

    <p class='ocr_par' dir='ltr' id='par_1_12' title="bbox 212 2278 1792 2914">
     <span class='ocr_line' id='line_1_37' title="bbox 276 2278 1792 2326; baseline 0.003 -12"><span class='ocrx_word' id='word_1_333' title='bbox 276 2280 313 2325; x_wconf 70' lang='lat'><strong>4)</strong></span> <span class='ocrx_word' id='word_1_334' title='bbox 338 2278 689 2324; x_wconf 72' lang='lat' dir='ltr'><strong>Nymphodorus</strong></span> <span class='ocrx_word' id='word_1_335' title='bbox 722 2280 821 2315; x_wconf 89' lang='lat' dir='ltr'><strong>enim</strong></span> <span class='ocrx_word' id='word_1_336' title='bbox 848 2280 948 2324; x_wconf 89' lang='lat' dir='ltr'><strong>quod</strong></span> <span class='ocrx_word' id='word_1_337' title='bbox 974 2292 1122 2326; x_wconf 88' lang='lat' dir='ltr'><strong>prorsus</strong></span> <span class='ocrx_word' id='word_1_338' title='bbox 1149 2282 1297 2317; x_wconf 83' lang='lat' dir='ltr'><strong>easdem</strong></span> <span class='ocrx_word' id='word_1_339' title='bbox 1323 2293 1380 2317; x_wconf 90' lang='lat' dir='ltr'><strong>res</strong></span> <span class='ocrx_word' id='word_1_340' title='bbox 1407 2282 1546 2318; x_wconf 87' lang='lat' dir='ltr'><strong>eisdem</strong></span> <span class='ocrx_word' id='word_1_341' title='bbox 1573 2283 1694 2319; x_wconf 88' lang='lat' dir='ltr'><strong>verbis</strong></span> <span class='ocrx_word' id='word_1_342' title='bbox 1719 2285 1792 2319; x_wconf 81' lang='lat' dir='ltr'><strong>tra-</strong></span> 
     </span>
     <span class='ocr_line' id='line_1_38' title="bbox 212 2330 1791 2381; baseline 0.003 -14"><span class='ocrx_word' id='word_1_343' title='bbox 212 2330 270 2368; x_wconf 74' lang='lat' dir='ltr'><strong>dit</strong></span> <span class='ocrx_word' id='word_1_344' title='bbox 292 2331 347 2379; x_wconf 88' lang='lat' dir='ltr'><strong>(in</strong></span> <span class='ocrx_word' id='word_1_345' title='bbox 372 2331 486 2368; x_wconf 83' lang='lat' dir='ltr'><strong>schol.</strong></span> <span class='ocrx_word' id='word_1_346' title='bbox 505 2332 555 2368; x_wconf 73' lang='lat' dir='ltr'><strong>ad</strong></span> <span class='ocrx_word' id='word_1_347' title='bbox 579 2332 686 2368; x_wconf 90' lang='lat' dir='ltr'><strong>illum</strong></span> <span class='ocrx_word' id='word_1_348' title='bbox 713 2332 834 2368; x_wconf 90' lang='lat' dir='ltr'><strong>locum</strong></span> <span class='ocrx_word' id='word_1_349' title='bbox 856 2332 966 2378; x_wconf 88' lang='lat' dir='ltr'><strong>Soph.</strong></span> <span class='ocrx_word' id='word_1_350' title='bbox 987 2333 1077 2370; x_wconf 88' lang='lat' dir='ltr'><strong>Oed.</strong></span> <span class='ocrx_word' id='word_1_351' title='bbox 1098 2333 1174 2370; x_wconf 91' lang='lat' dir='ltr'><strong>Col.</strong></span> <span class='ocrx_word' id='word_1_352' title='bbox 1195 2338 1290 2376; x_wconf 76' lang='lat'><strong>337).</strong></span> <span class='ocrx_word' id='word_1_353' title='bbox 1315 2338 1440 2380; x_wconf 79' lang='lat' dir='ltr'><strong>aperte</strong></span> <span class='ocrx_word' id='word_1_354' title='bbox 1465 2336 1648 2381; x_wconf 84' lang='lat' dir='ltr'><strong>profectus</strong></span> <span class='ocrx_word' id='word_1_355' title='bbox 1674 2340 1728 2372; x_wconf 87' lang='lat' dir='ltr'><strong>est</strong></span> <span class='ocrx_word' id='word_1_356' title='bbox 1747 2348 1791 2373; x_wconf 86' lang='lat' dir='ltr'><strong>ex</strong></span> 
     </span>
     <span class='ocr_line' id='line_1_39' title="bbox 213 2384 1791 2436; baseline 0.004 -15"><span class='ocrx_word' id='word_1_357' title='bbox 213 2384 304 2421; x_wconf 73' lang='lat' dir='ltr'><strong>nuti</strong></span> <span class='ocrx_word' id='word_1_358' title='bbox 328 2385 508 2422; x_wconf 74' lang='lat' dir='ltr'><strong>relatione</strong></span> <span class='ocrx_word' id='word_1_359' title='bbox 534 2387 648 2432; x_wconf 90' lang='lat' dir='ltr'><strong>(quod</strong></span> <span class='ocrx_word' id='word_1_360' title='bbox 674 2387 790 2422; x_wconf 85' lang='lat' dir='ltr'><strong>credit</strong></span> <span class='ocrx_word' id='word_1_361' title='bbox 809 2388 920 2422; x_wconf 76' lang='lat' dir='ltr'><strong>etiam</strong></span> <span class='ocrx_word' id='word_1_362' title='bbox 941 2386 1159 2423; x_wconf 81' lang='lat' dir='ltr'><strong>Gutschmid</strong></span> <span class='ocrx_word' id='word_1_363' title='bbox 1180 2389 1219 2423; x_wconf 88' lang='lat' dir='ltr'><strong>in</strong></span> <span class='ocrx_word' id='word_1_364' title='bbox 1238 2388 1421 2425; x_wconf 81' lang='lat' dir='ltr'><strong>Wiedem.</strong></span> <span class='ocrx_word' id='word_1_365' title='bbox 1442 2392 1598 2435; x_wconf 76' lang='lat' dir='ltr'><strong>comm).</strong></span> <span class='ocrx_word' id='word_1_366' title='bbox 1631 2402 1791 2436; x_wconf 80' lang='lat' dir='ltr'><strong>namque</strong></span> 
     </span>
     <span class='ocr_line' id='line_1_40' title="bbox 213 2438 1790 2489; baseline 0.003 -14"><span class='ocrx_word' id='word_1_367' title='bbox 213 2438 371 2485; x_wconf 74' lang='lat' dir='ltr'><strong>scriptor</strong></span> <span class='ocrx_word' id='word_1_368' title='bbox 388 2439 420 2475; x_wconf 87' lang='lat' dir='ltr'><strong>is</strong></span> <span class='ocrx_word' id='word_1_369' title='bbox 440 2439 723 2483; x_wconf 72' lang='lat' dir='ltr'><strong>Alexandrinus,</strong></span> <span class='ocrx_word' id='word_1_370' title='bbox 750 2452 833 2475; x_wconf 86' lang='lat' dir='ltr'><strong>cum</strong></span> <span class='ocrx_word' id='word_1_371' title='bbox 854 2442 949 2476; x_wconf 76' lang='lat' dir='ltr'><strong>saeta</strong></span> <span class='ocrx_word' id='word_1_372' title='bbox 968 2440 1206 2477; x_wconf 74' lang='lat' dir='ltr'><strong>barbarorum</strong></span> <span class='ocrx_word' id='word_1_373' title='bbox 1225 2442 1413 2478; x_wconf 77' lang='lat' dir='ltr'><strong>mirabilis</strong></span> <span class='ocrx_word' id='word_1_374' title='bbox 1431 2442 1629 2489; x_wconf 80' lang='lat' dir='ltr'><strong>colligeret,</strong></span> <span class='ocrx_word' id='word_1_375' title='bbox 1648 2455 1694 2479; x_wconf 85' lang='lat' dir='ltr'><strong>ne</strong></span> <span class='ocrx_word' id='word_1_376' title='bbox 1714 2444 1790 2479; x_wconf 87' lang='lat' dir='ltr'><strong>suis</strong></span> 
     </span>
     <span class='ocr_line' id='line_1_41' title="bbox 215 2491 1789 2537; baseline 0.003 -10"><span class='ocrx_word' id='word_1_377' title='bbox 215 2491 366 2537; x_wconf 87' lang='lat' dir='ltr'><strong>quidem</strong></span> <span class='ocrx_word' id='word_1_378' title='bbox 400 2493 617 2529; x_wconf 84' lang='lat' dir='ltr'><strong>commentis</strong></span> <span class='ocrx_word' id='word_1_379' title='bbox 650 2493 873 2530; x_wconf 71' lang='lat' dir='ltr'><strong>abstinuisse</strong></span> <span class='ocrx_word' id='word_1_380' title='bbox 904 2495 1061 2530; x_wconf 79' lang='lat' dir='ltr'><strong>videtur.</strong></span> <span class='ocrx_word' id='word_1_381' title='bbox 1100 2495 1153 2530; x_wconf 89' lang='lat' dir='ltr'><strong>sic</strong></span> <span class='ocrx_word' id='word_1_382' title='bbox 1185 2507 1228 2530; x_wconf 84' lang='lat' dir='ltr'><strong>ex</strong></span> <span class='ocrx_word' id='word_1_383' title='bbox 1254 2495 1342 2531; x_wconf 86' lang='lat' dir='ltr'><strong>Hdti</strong></span> <span class='ocrx_word' id='word_1_384' title='bbox 1375 2496 1480 2532; x_wconf 89' lang='lat' dir='ltr'><strong>libris</strong></span> <span class='ocrx_word' id='word_1_385' title='bbox 1507 2497 1600 2532; x_wconf 76' lang='lat' dir='ltr'><strong>hanc</strong></span> <span class='ocrx_word' id='word_1_386' title='bbox 1625 2497 1789 2533; x_wconf 82' lang='lat' dir='ltr'><strong>fabulam</strong></span> 
     </span>
     <span class='ocr_line' id='line_1_42' title="bbox 214 2546 1789 2596; baseline 0.003 -15"><span class='ocrx_word' id='word_1_387' title='bbox 214 2546 449 2591; x_wconf 76' lang='lat' dir='ltr'><strong>conquisivit.</strong></span> <span class='ocrx_word' id='word_1_388' title='bbox 488 2547 588 2592; x_wconf 88' lang='lat' dir='ltr'><strong>qnod</strong></span> <span class='ocrx_word' id='word_1_389' title='bbox 620 2547 720 2583; x_wconf 88' lang='lat' dir='ltr'><strong>enim</strong></span> <span class='ocrx_word' id='word_1_390' title='bbox 752 2551 1011 2593; x_wconf 79' lang='lat' dir='ltr'><strong>argumentum</strong></span> <span class='ocrx_word' id='word_1_391' title='bbox 1044 2548 1122 2594; x_wconf 81' lang='lat' dir='ltr'><strong>regi</strong></span> <span class='ocrx_word' id='word_1_392' title='bbox 1150 2549 1334 2594; x_wconf 76' lang='lat' dir='ltr'><strong>Aegyptio</strong></span> <span class='ocrx_word' id='word_1_393' title='bbox 1366 2550 1496 2585; x_wconf 83' lang='lat' dir='ltr'><strong>tribuit</strong></span> <span class='ocrx_word' id='word_1_394' title='bbox 1520 2550 1567 2585; x_wconf 76' lang='lat' dir='ltr'><strong>ad</strong></span> <span class='ocrx_word' id='word_1_395' title='bbox 1592 2550 1789 2596; x_wconf 75' lang='lat' dir='ltr'><strong>populares</strong></span> 
     </span>
     <span class='ocr_line' id='line_1_43' title="bbox 213 2597 1790 2650; baseline 0.004 -16"><span class='ocrx_word' id='word_1_396' title='bbox 213 2597 491 2644; x_wconf 69' lang='lat' dir='ltr'><strong>effeminandos,</strong></span> <span class='ocrx_word' id='word_1_397' title='bbox 523 2600 671 2636; x_wconf 84' lang='lat' dir='ltr'><strong>stultius</strong></span> <span class='ocrx_word' id='word_1_398' title='bbox 698 2606 763 2643; x_wconf 82' lang='lat' dir='ltr'><strong>est,</strong></span> <span class='ocrx_word' id='word_1_399' title='bbox 791 2612 902 2647; x_wconf 79' lang='lat' dir='ltr'><strong>quam</strong></span> <span class='ocrx_word' id='word_1_400' title='bbox 929 2605 969 2637; x_wconf 88' lang='lat' dir='ltr'><strong>ut</strong></span> <span class='ocrx_word' id='word_1_401' title='bbox 997 2602 1147 2638; x_wconf 74' lang='lat' dir='ltr'><strong>aliunde</strong></span> <span class='ocrx_word' id='word_1_402' title='bbox 1176 2603 1391 2638; x_wconf 77' lang='lat' dir='ltr'><strong>translatum</strong></span> <span class='ocrx_word' id='word_1_403' title='bbox 1421 2604 1644 2649; x_wconf 80' lang='lat' dir='ltr'><strong>ignoremus.</strong></span> <span class='ocrx_word' id='word_1_404' title='bbox 1680 2607 1790 2650; x_wconf 78' lang='lat' dir='ltr'><strong>atque</strong></span> 
     </span>
     <span class='ocr_line' id='line_1_44' title="bbox 213 2651 1789 2702; baseline 0.004 -15"><span class='ocrx_word' id='word_1_405' title='bbox 213 2651 293 2699; x_wconf 84' lang='lat' dir='ltr'><strong>ipse</strong></span> <span class='ocrx_word' id='word_1_406' title='bbox 323 2652 465 2699; x_wconf 65' lang='lat' dir='ltr'><strong>detegit</strong></span> <span class='ocrx_word' id='word_1_407' title='bbox 493 2653 644 2698; x_wconf 77' lang='lat' dir='ltr'><strong>fontem,</strong></span> <span class='ocrx_word' id='word_1_408' title='bbox 676 2667 759 2690; x_wconf 90' lang='lat' dir='ltr'><strong>cum</strong></span> <span class='ocrx_word' id='word_1_409' title='bbox 792 2655 1001 2701; x_wconf 79' lang='lat' dir='ltr'><strong>exemplum</strong></span> <span class='ocrx_word' id='word_1_410' title='bbox 1035 2656 1141 2692; x_wconf 76' lang='lat' dir='ltr'><strong>affert</strong></span> <span class='ocrx_word' id='word_1_411' title='bbox 1165 2655 1367 2701; x_wconf 84' lang='lat' dir='ltr'><strong>Lydorum:</strong></span> <span class='ocrx_word' id='word_1_412' title='bbox 1404 2668 1477 2702; x_wconf 91' lang='lat' dir='ltr'><strong>quo</strong></span> <span class='ocrx_word' id='word_1_413' title='bbox 1503 2658 1612 2692; x_wconf 93' lang='lat' dir='ltr'><strong>modo</strong></span> <span class='ocrx_word' id='word_1_414' title='bbox 1639 2669 1702 2693; x_wconf 89' lang='lat' dir='ltr'><strong>cur</strong></span> <span class='ocrx_word' id='word_1_415' title='bbox 1726 2670 1789 2694; x_wconf 85' lang='lat' dir='ltr'><strong>rex</strong></span> 
     </span>
     <span class='ocr_line' id='line_1_45' title="bbox 214 2704 1790 2754; baseline 0.003 -13"><span class='ocrx_word' id='word_1_416' title='bbox 214 2704 363 2749; x_wconf 67' lang='lat' dir='ltr'><strong>veritus,</strong></span> <span class='ocrx_word' id='word_1_417' title='bbox 388 2717 434 2742; x_wconf 90' lang='lat' dir='ltr'><strong>ne</strong></span> <span class='ocrx_word' id='word_1_418' title='bbox 454 2706 552 2743; x_wconf 81' lang='lat' dir='ltr'><strong>cives</strong></span> <span class='ocrx_word' id='word_1_419' title='bbox 571 2708 860 2754; x_wconf 79' lang='lat' dir='ltr'><strong>frequentissimi</strong></span> <span class='ocrx_word' id='word_1_420' title='bbox 882 2720 995 2745; x_wconf 75' lang='lat' dir='ltr'><strong>novas</strong></span> <span class='ocrx_word' id='word_1_421' title='bbox 1016 2722 1072 2744; x_wconf 81' lang='lat' dir='ltr'><strong>res</strong></span> <span class='ocrx_word' id='word_1_422' title='bbox 1092 2709 1320 2752; x_wconf 82' lang='lat' dir='ltr'><strong>molirentur,</strong></span> <span class='ocrx_word' id='word_1_423' title='bbox 1347 2710 1429 2745; x_wconf 90' lang='lat' dir='ltr'><strong>illos</strong></span> <span class='ocrx_word' id='word_1_424' title='bbox 1450 2722 1569 2746; x_wconf 85' lang='lat' dir='ltr'><strong>mores</strong></span> <span class='ocrx_word' id='word_1_425' title='bbox 1590 2711 1790 2747; x_wconf 86' lang='lat' dir='ltr'><strong>instituerit</strong></span> 
     </span>
     <span class='ocr_line' id='line_1_46' title="bbox 213 2757 1788 2810; baseline 0.004 -16"><span class='ocrx_word' id='word_1_426' title='bbox 213 2757 453 2805; x_wconf 67' lang='lat' dir='ltr'><strong>intellegitur,</strong></span> <span class='ocrx_word' id='word_1_427' title='bbox 489 2760 521 2796; x_wconf 84' lang='lat' dir='ltr'><strong>si</strong></span> <span class='ocrx_word' id='word_1_428' title='bbox 554 2762 790 2797; x_wconf 78' lang='lat' dir='ltr'><strong>recordamur</strong></span> <span class='ocrx_word' id='word_1_429' title='bbox 821 2762 865 2796; x_wconf 81' lang='lat' dir='ltr'><strong>de</strong></span> <span class='ocrx_word' id='word_1_430' title='bbox 891 2760 1005 2807; x_wconf 76' lang='lat' dir='ltr'><strong>Lydis</strong></span> <span class='ocrx_word' id='word_1_431' title='bbox 1031 2763 1217 2798; x_wconf 86' lang='lat' dir='ltr'><strong>seditiosis</strong></span> <span class='ocrx_word' id='word_1_432' title='bbox 1243 2774 1266 2798; x_wconf 75' lang='lat' dir='ltr'><strong>a</strong></span> <span class='ocrx_word' id='word_1_433' title='bbox 1290 2763 1384 2808; x_wconf 85' lang='lat' dir='ltr'><strong>Cyro</strong></span> <span class='ocrx_word' id='word_1_434' title='bbox 1410 2763 1582 2807; x_wconf 76' lang='lat' dir='ltr'><strong>subactis,</strong></span> <span class='ocrx_word' id='word_1_435' title='bbox 1615 2777 1706 2810; x_wconf 82' lang='lat' dir='ltr'><strong>quas</strong></span> <span class='ocrx_word' id='word_1_436' title='bbox 1732 2777 1788 2801; x_wconf 86' lang='lat' dir='ltr'><strong>res</strong></span> 
     </span>
     <span class='ocr_line' id='line_1_47' title="bbox 212 2811 1789 2863; baseline 0.004 -14"><span class='ocrx_word' id='word_1_437' title='bbox 212 2811 324 2849; x_wconf 70' lang='lat' dir='ltr'><strong>refert</strong></span> <span class='ocrx_word' id='word_1_438' title='bbox 347 2812 448 2848; x_wconf 80' lang='lat' dir='ltr'><strong>idem</strong></span> <span class='ocrx_word' id='word_1_439' title='bbox 468 2812 586 2849; x_wconf 73' lang='lat' dir='ltr'><strong>Hdtun</strong></span> <span class='ocrx_word' id='word_1_440' title='bbox 606 2813 621 2850; x_wconf 95' lang='lat'>1</span> <span class='ocrx_word' id='word_1_441' title='bbox 638 2818 787 2851; x_wconf 74' lang='lat'>165—7.</span> <span class='ocrx_word' id='word_1_442' title='bbox 817 2815 1086 2861; x_wconf 77' lang='lat' dir='ltr'><strong>Aegyptiorum</strong></span> <span class='ocrx_word' id='word_1_443' title='bbox 1114 2816 1228 2861; x_wconf 75' lang='lat' dir='ltr'><strong>igitur</strong></span> <span class='ocrx_word' id='word_1_444' title='bbox 1253 2818 1537 2853; x_wconf 79' lang='lat' dir='ltr'><strong>consuetudines</strong></span> <span class='ocrx_word' id='word_1_445' title='bbox 1564 2830 1647 2853; x_wconf 89' lang='lat' dir='ltr'><strong>cum</strong></span> <span class='ocrx_word' id='word_1_446' title='bbox 1673 2819 1789 2863; x_wconf 76' lang='lat' dir='ltr'><strong>petits</strong></span> 
     </span>
     <span class='ocr_line' id='line_1_48' title="bbox 213 2863 1786 2914; baseline 0.004 -13"><span class='ocrx_word' id='word_1_447' title='bbox 213 2863 398 2911; x_wconf 74' lang='lat' dir='ltr'><strong>Lydorum</strong></span> <span class='ocrx_word' id='word_1_448' title='bbox 433 2866 687 2904; x_wconf 71' lang='lat' dir='ltr'><strong>debilitatione</strong></span> <span class='ocrx_word' id='word_1_449' title='bbox 723 2868 1009 2914; x_wconf 81' lang='lat' dir='ltr'><strong>Nymphodorus</strong></span> <span class='ocrx_word' id='word_1_450' title='bbox 1046 2870 1082 2904; x_wconf 89' lang='lat' dir='ltr'><strong>in</strong></span> <span class='ocrx_word' id='word_1_451' title='bbox 1119 2882 1233 2906; x_wconf 87' lang='lat' dir='ltr'><strong>unum</strong></span> <span class='ocrx_word' id='word_1_452' title='bbox 1270 2871 1424 2907; x_wconf 85' lang='lat' dir='ltr'><strong>contulit</strong></span> <span class='ocrx_word' id='word_1_453' title='bbox 1461 2873 1663 2907; x_wconf 67' lang='lat' dir='ltr'><strong>seeundum</strong></span> <span class='ocrx_word' id='word_1_454' title='bbox 1699 2872 1786 2908; x_wconf 86' lang='lat' dir='ltr'><strong>Hdti</strong></span> 
     </span>
    </p>
   </div>
  </div>
 </body>
</html>
