2106 3320
842 130 1138 174 -61-

200 251 396 298 “scisci
414 244 624 294 {noverca
642 257 723 293 tam
743 250 949 293 humiliter
967 256 1131 293 tractata
1151 257 1224 304 est,
1249 253 1328 292 nisi
1347 263 1398 292 ne
1417 252 1460 293 in
1478 252 1779 293 matrimonium

199 316 320 363 hun
342 316 492 360 liberos
516 318 710 371 ingenuos
735 314 992 371 procrearet?
1023 329 1194 371 quorum
1218 316 1443 371 periculum
1467 317 1682 359 imminens
1706 329 1778 358 no·

198 394 341 428 mae
370 383 506 425 romu
535 382 784 437 praedictum
816 388 901 424 erat
933 382 1001 423 illo
1027 384 1194 435 somnio,
1226 382 1274 423 de
1299 395 1378 436 quo
1410 384 1451 423 ln
1477 383 1712 436 fragmentis
1737 388 1774 424 et

197 450 436 504 puuctum
459 449 503 490 in
527 448 601 502 trg.
627 461 757 502 nuper
782 454 942 501 reperto
967 447 1184 489 identidem
1211 447 1434 490 disseritur.
1478 449 1552 489 hoc
1576 460 1671 489 vero
1696 449 1777 489 iam

196 514 325 557 utine
347 512 521 556 vinclum
547 515 724 555 nectitur
747 526 838 554 cum
864 514 957 555 lliae
982 513 1220 568 Romulique
1244 513 1393 555 sabula:
1423 519 1470 556 ut
1492 513 1597 568 Tyro
1622 515 1682 554 sic
1705 513 1777 556 Ilia

196 591 221 622 a
248 580 599 634 propinquissimis
636 579 866 620 crudelibus
905 579 1134 633 impeditur,
1176 592 1227 620 ne
1257 579 1409 633 prolem
1441 581 1625 633 excipiat,
1655 584 1775 633 atque

197 644 358 687 vatalls
382 645 484 686 facta
509 646 551 685 in
577 645 758 698 aquando
784 645 833 685 ad
860 645 1037 686 fluminis
1068 646 1176 699 ripas
1200 658 1222 686 a
1246 644 1370 686 Marte
1403 644 1727 699 deprehenditur.
1739 642 1774 701 ¹)

255 709 497 765 Sophocleae
529 710 657 764 Tyrus
692 710 856 752 alterius
890 712 1096 764 proprium
1131 711 1218 764 ruit,
1251 711 1357 765 quod
1393 711 1460 752 illa
1497 709 1644 764 σκάφη
1680 711 1707 751 i.
1738 723 1773 751 e.

194 774 342 830 dves,
378 777 421 817 in
452 789 532 830 quo
569 777 742 817 iurantes
777 777 896 817 fluvio
930 777 1119 830 permissi
1149 782 1255 829 sunt,
1287 776 1505 830 plurimum
1539 775 1694 816 valebat
1724 775 1774 816 ad

194 840 299 884 nno·
315 841 677 895 recognoscendos:
702 842 743 882 id
770 842 961 883 discimus
985 854 1033 883 ex
1052 837 1337 898 imaginihus¹)
1358 848 1399 883 et
1423 854 1469 883 ex
1491 841 1777 893 ludificatione,

194 918 316 961 qnam
339 907 526 961 Sophocli
551 908 718 949 immisit
742 907 1026 961 Aristophanes
1052 903 1237 963 (Lysistr.
1268 904 1430 964 138).⁸)
1480 912 1655 948 attamen
1679 908 1772 948 novi

193 971 345 1026 aliquid
378 972 617 1014 concludere
658 972 823 1014 audeam
867 985 890 1013 e
929 973 1148 1026 fragmento
1191 974 1298 1013 inter
1334 972 1464 1014 Hibeh
1499 985 1671 1026 papyros
1708 984 1773 1013 re·

192 1034 358 1094 petto-⁴)
406 1051 452 1079 ac
476 1040 650 1092 primum
682 1038 844 1092 quidem
869 1038 918 1079 ab
943 1040 1056 1079 initio
1081 1039 1374 1091 constituimus,
1407 1040 1448 1078 in
1479 1039 1567 1091 ipso
1594 1037 1773 1078 dramate

190 1105 373 1157 ganlnos
396 1103 630 1145 Sideronem
654 1103 758 1145 ultos
784 1116 872 1145 esse
897 1116 970 1157 pro
995 1105 1135 1144 matris
1157 1104 1331 1156 iniuriis,
1362 1116 1463 1157 quae
1496 1115 1561 1144 res
1586 1102 1772 1144 omnibus

192 1167 452 1211 relationibus
471 1168 692 1210 exhibetur.
742 1168 791 1209 ad
811 1169 851 1210 id
872 1174 1003 1210 autem
1024 1181 1189 1210 necesse
1219 1175 1292 1221 est,
1318 1168 1389 1209 filii
1415 1174 1530 1210 antea
1556 1180 1772 1221 cognover-

190 1233 252 1276 int
268 1229 487 1290 matrcm‘)
513 1236 645 1287 itaque
659 1247 739 1275 nou
760 1234 920 1275 demum
940 1233 1141 1287 tragoedia
1165 1240 1333 1275 exeunte
1365 1234 1455 1275 illae
1482 1232 1630 1287 σκάφη
1652 1239 1770 1287 atque

189 1296 487 1354 ἅναννῶρισις
506 1299 704 1341 exhibitae
731 1305 837 1341 sunt.
868 1299 1053 1353 idemque
1080 1299 1354 1340 concludimus
1374 1313 1396 1341 e
1416 1312 1516 1340 novo
1537 1300 1773 1352 fragmento,

189 1377 270 1419 quo
306 1365 518 1407 disseritur
548 1365 597 1406 de
630 1365 783 1406 duobus
815 1367 984 1419 geminis
1020 1361 1076 1419 (v.
1095 1362 1154 1406 24
1172 1362 1375 1421 ἀμφοῖν),
1400 1367 1469 1419 qui
1501 1367 1542 1405 in
1569 1378 1768 1405 summum

189 1429 406 1472 discrimen
431 1432 686 1484 pervenerint
717 1428 772 1484 (v.
798 1428 857 1471 32
883 1429 921 1471 εἰ
946 1428 1019 1471 καὶ
1045 1432 1206 1471 θανεῖν
1230 1430 1313 1484 χρὴ
1338 1437 1519 1484 πρῶτον
1544 1426 1746 1484 ἐκπρα[ξ)
1761 1449 1777 1481 ;

188 1508 359 1550 quorum
383 1496 484 1537 alter
507 1496 728 1550 appellatur
746 1496 852 1537 fitius
871 1492 926 1551 (v.
945 1493 1002 1536 43
1023 1491 1112 1537 ἀλλ’
1144 1489 1178 1536 ὦ
1203 1493 1374 1548 τέκνον,
1399 1497 1440 1536 ni
1461 1496 1574 1536 fallor
1592 1498 1634 1537 in
1655 1501 1768 1549 parte

188 1573 290 1615 quae
314 1560 462 1603 dicitur
486 1558 819 1616 stichomythica).
850 1562 1011 1602 maximi
1038 1567 1168 1602 autem
1195 1563 1385 1603 momenti
1411 1567 1474 1602 est
1497 1562 1570 1614 srg.
1596 1561 1727 1602 littera
1754 1563 1776 1603 i'

188 1622 437 1682 ιίςωωωῖ)
492 1627 534 1667 hi
571 1628 678 1667 enim
719 1639 871 1679 versus,
907 1629 1095 1680 quoniam
1130 1634 1244 1680 pater
1280 1634 1320 1668 et
1357 1634 1485 1668 mater
1521 1629 1767 1680 invocantur,

185 1694 382 1734 enuntiati
407 1699 501 1733 sunt
525 1705 547 1733 a
573 1692 666 1733 liliis
685 1698 753 1733 aut
777 1694 910 1746 potius
929 1693 978 1733 ah
1006 1693 1130 1736 altero
1155 1705 1305 1746 eorum,
1330 1694 1400 1746 qui
1420 1692 1634 1734 dummodo
1653 1692 1767 1733 Blass

186 1769 220 1799 v.
238 1754 299 1799 52
324 1763 433 1799 recte
459 1757 676 1811 expleverit
702 1757 900 1810 Hezjcoeg,
926 1764 1011 1799 erat
1036 1754 1245 1812 Neleus⁷);
1275 1759 1459 1799 conicere
1485 1763 1617 1799 autem
1649 1758 1767 1800 velim

186 1824 302 1865 initio
325 1835 361 1864 ν.
380 1821 440 1864 54
464 1820 651 1878 &rubera
675 1829 794 1877 atque
820 1825 1094 1876 interpretari:
1121 1822 1207 1864 ‘oro
1226 1830 1391 1877 patrem,
1417 1829 1460 1864 ut
1486 1826 1608 1864 matri
1634 1825 1768 1865 veniat

185 1888 343 1942 auxilio,
374 1901 466 1930 cum
492 1888 610 1930 ducat
642 1901 736 1930 suos
762 1887 893 1941 lilios’,
928 1902 1071 1942 nempe
1096 1889 1145 1929 ad
1180 1890 1352 1930 faustum
1378 1894 1562 1930 eventum
1573 1885 1623 1945 .⁸)
1669 1901 1767 1942 ergo

190 1955 270 1996 iam
288 1960 379 1996 ante
400 1954 588 1996 dramatis
607 1956 757 1996 exitum
776 1960 905 1996 mater
924 1954 1026 1995 filios
1045 1956 1204 2007 agnovit
1222 1967 1270 1995 ex
1290 1955 1357 1995 illo
1377 1954 1498 1995 alveo.
1543 1954 1613 1995 sed
1634 1955 1766 1996 denuo

184 2020 408 2073 refugimus
438 2019 489 2060 ad
518 2019 626 2061 illam
646 2019 864 2061 'Menandri
895 2018 1150 2060 comoediam.
1199 2019 1305 2073 quod
1336 2019 1498 2074 quidem
1531 2019 1679 2061 dicitur
1715 2020 1763 2061 de

182 2084 425 2139 crepundiis,
447 2084 488 2126 id
508 2083 674 2126 dedecet
692 2084 934 2138 tragoediam
955 2085 1287 2139 Sophocleam,
1308 2085 1476 2127 debetur
1494 2086 1761 2139 opinionibus,

182 2187 445 2235 ”rumh
470 2200 506 2235 p.
527 2193 645 2224 85ης
671 2188 855 2233 virginem
872 2188 1070 2224 nubentem
1091 2189 1281 2225 dedicasse
1301 2189 1419 2224 crines
1444 2189 1658 2234 mutamque
1683 2200 1764 2224 esee

180 2242 220 2278 in
244 2241 472 2285 fluminibus.
497 2252 573 2288 qun
596 2241 736 2278 ratione
761 2244 928 2287 nupserit
952 2242 1023 2278 deo
1049 2242 1201 2277 fluviali.

241 2296 276 2342 ι)
300 2295 431 2332 eodem
455 2296 567 2332 modo
590 2295 630 2331 in
655 2294 847 2340 Sophoclis
873 2294 1049 2334 Aleti-di·
1073 2295 1121 2331 ab
1147 2295 1238 2331 Aleo
1258 2296 1365 2341 Auge
1390 2295 1468 2332 filia
1490 2295 1587 2332 rm
1610 2297 1667 2332 est
1689 2295 1758 2331 Mi-

180 2359 315 2385 nervee
339 2349 522 2393 sacerdos,
546 2360 593 2385 ne
617 2348 754 2385 liberos
779 2348 948 2395 gigneret
967 2347 1026 2394 (cf.
1047 2348 1229 2392 Welcker‚
1253 2348 1363 2395 Trag.
1389 2360 1444 2395 gr.
1469 2348 1486 2384 1
1510 2351 1608 2394 408).

240 2403 276 2447 2)
301 2402 346 2438 cf.
371 2402 616 2448 Engelmanni
642 2402 775 2438 Studia.
799 2401 981 2439 mbaeol.
1006 2413 1043 2448 p.
1071 2405 1116 2438 40
1130 2413 1158 2437 ι.

243 2457 279 2502 8)
304 2455 404 2502 epod
429 2455 569 2492 Hdtum
593 2453 642 2492 τὸ
667 2455 815 2502 ἄγγος
840 2461 906 2499 est,
931 2466 1006 2501 quo
1031 2455 1207 2501 puerulus
1232 2455 1396 2491 aufertur
1420 2455 1448 2502 (Ι
1476 2458 1569 2501 118).

242 2511 277 2555 4)
301 2519 465 2555 namque
483 2509 522 2545 in
540 2519 584 2545 eo
603 2519 892 2555 perseveramus,
917 2508 1018 2554 quod
1037 2508 1134 2554 Tyro
1153 2508 1359 2554 Sophoclea
1376 2511 1432 2545 eet
1449 2509 1759 2555 recognoscenda.

238 2563 275 2608 ὅ)
299 2561 547 2609 Apollodorus
571 2572 720 2608 quoque
747 2562 777 2607 (1
803 2563 863 2607 92)
887 2562 985 2598 huno
1010 2562 1178 2598 ordinem
1203 2562 1367 2608 praebet.

237 2617 274 2663 0)
298 2626 374 2662 qno
398 2616 550 2662 quidem
574 2616 771 2663 praecipue
796 2616 867 2651 nisi
899 2618 986 2652 eunt
1008 2616 1183 2659 editores,
1209 2618 1249 2651 ut
1273 2614 1459 2661 'Pyronem
1485 2615 1598 2661 Soph.
1625 2626 1760 2662 appro-

238 2724 275 2770 ¹1)
298 2724 427 2760 eontr-
449 2723 549 2769 quod
568 2734 602 2758 v.
629 2727 673 2759 54
703 2722 840 2758 dicitur
863 2724 1015 2766 παῖδας,
1040 2722 1137 2759 nihil
1162 2723 1293 2758 obstat.

237 2778 274 2823 8)
296 2775 409 2813 huin·
439 2775 546 2823 ἄγειν
576 2776 677 2812 verbi
710 2776 926 2823 praesertim
956 2777 1003 2811 de
1033 2777 1114 2812 deis
1146 2779 1183 2812 et
1212 2777 1259 2813 de
1294 2776 1369 2812 fato
1402 2776 1562 2812 adhibiti
1588 2776 1759 2823 exempla

175 2829 279 2870 nunt:
303 2827 395 2865 0011.
420 2827 496 2866 001.
518 2832 586 2865 ⁹04
612 2831 717 2866 θεῶν
742 2828 913 2875 ἀγόντων
936 2830 1030 2875 (deis
1057 2829 1240 2875 ducibus),
1267 2832 1335 2866 85⁴
1363 2829 1397 2866 el
1421 2827 1513 2872 θοὸς
1537 2829 1621 2876 ἄγει
1646 2831 1757 2875 atque

178 2880 269 2918 Edu
292 2880 361 2918 Vn
386 2884 429 2930 8,
458 2883 550 2924 θεὸς
574 2881 670 2919 οὔτ.
695 2882 791 2929 ἄγοι.
