2106 3320
962 139 1252 181 *24*

323 263 520 310 precatur,
546 264 590 298 ut
614 258 839 310 prodigium
866 255 1137 315 ambiguuml)
1164 266 1290 301 vertat
1309 263 1350 300 in
1370 266 1523 314 partem
1543 262 1769 304 secundam.
1796 275 1892 316 quo-

322 322 438 363 modo
471 324 652 374 efficitur,
684 328 729 362 ut
760 335 850 363 cum
882 325 923 363 in
949 337 1111 364 suorum
1137 326 1263 377 ipsius
1288 325 1505 367 liberorum
1531 333 1649 380 caput
1674 327 1894 369 detestetur

323 389 422 428 iram
450 388 624 440 deorum,
650 389 870 440 praefracto
897 390 1027 429 animo
1059 391 1245 442 persistat
1269 393 1311 431 in
1337 392 1489 433 scelere
1515 393 1665 433 nefario
1690 406 1816 447 usque
1843 394 1892 434 ad

322 454 423 493 vitae
455 455 616 493 exitum.
655 455 764 505 atqui
796 453 901 506 quod
932 454 1069 495 Kaibel
1095 451 1157 510 (in
1189 462 1397 497 comment.
1424 457 1472 498 ad
1497 458 1554 497 El.
1582 458 1698 511 Soph.
1724 471 1761 511 p.
1785 457 1890 515 172)

323 518 541 558 contendit:
575 516 653 558 ‘die
678 518 945 571 Abanderung
971 519 1040 559 des
1066 521 1226 574 aischyl.
1252 521 1455 575 Traumes,
1482 535 1525 562 so
1553 523 1636 564 dass
1663 536 1707 564 er
1732 523 1892 578 doppel-

323 582 458 634 deutig
472 583 619 636 wurde,
640 585 692 623 ist
709 584 859 624 diesem
874 585 939 624 fiir
956 585 1055 637 Klyt.
1069 586 1471 627 charakteristischen
1488 587 1634 628 Gebete
1649 589 1802 630 zuliebe
1815 602 1891 629 von

323 647 439 701 Soph.
460 647 681 701 ersunden’,
708 649 892 701 equidem
919 650 1110 702 improbo.
1142 664 1232 692 nam
1258 654 1379 693 totius
1405 653 1560 693 fabulae
1592 653 1890 695 condicionibus

320 713 516 766 postulata
542 719 626 754 erat
657 716 821 754 mutatio
847 714 914 754 illa
940 717 1183 767 gravissima.
1217 723 1354 757 contra
1380 718 1516 758 eadem
1542 720 1714 771 imagine
1741 719 1892 771 signifi·

321 784 433 818 catur
458 779 576 819 etiam
601 779 641 819 id
668 780 764 832 fore,
789 785 833 820 ut
858 780 932 820 hac
956 782 1060 821 iusta
1086 781 1205 822 caede
1231 789 1456 835 perpetrata
1483 786 1608 836 stirps
1632 784 1892 836 Agamemno·

320 845 383 897 nis
413 856 492 883 non
518 846 629 884 novis
656 844 874 885 sceleribus
899 846 1139 899 implicetur,
1171 847 1241 887 sed
1267 849 1375 888 omni
1401 848 1515 901 culpa
1542 850 1736 889 exstincta
1762 848 1892 889 denuo

322 909 555 949 efflorescat.

379 973 494 1014 Nunc
523 987 617 1014 vero
651 975 1010 1016 demonstrabimus
1044 977 1284 1030 Sophocleae
1317 981 1465 1031 speciei
1503 980 1669 1019 formam
1701 991 1838 1019 revera
1870 991 1891 1019 a

321 1039 513 1092 Sophocle
540 1039 699 1080 demum
725 1042 884 1093 reginae
911 1054 999 1082 esse
1024 1042 1224 1083 tributam.
1252 1056 1421 1096 namque
1446 1046 1594 1097 prioris
1620 1057 1776 1097 quoque
1794 1045 1892 1084 ima·

320 1106 424 1157 ginis
456 1104 614 1145 residua
645 1104 823 1157 indagari
854 1112 1038 1158 possunt:
1077 1106 1202 1148 δεινὰ
1234 1110 1340 1149 enim
1372 1109 1524 1162 ὄνειρα
1557 1122 1578 1150 a
1604 1110 1724 1150 choro
1756 1115 1892 1150 vocata

321 1166 374 1224 (v.
393 1166 501 1225 500)
533 1182 611 1210 non
642 1175 723 1210 tam
756 1171 951 1223 quadrant
982 1172 1030 1212 ad
1060 1173 1136 1213 hoc
1167 1176 1366 1214 somnium
1391 1171 1535 1230 1ene2),
1567 1188 1684 1228 quam
1710 1177 1753 1215 in
1778 1175 1891 1215 illum

321 1235 544 1288 draconem,
571 1236 639 1288 qui
665 1235 781 1276 Choe.
802 1234 888 1276 248
916 1237 1135 1289 appellatur
1160 1236 1360 1295 ὃεινός.3)

379 1300 491 1347 Quod
521 1313 614 1340 vero
646 1301 775 1342 valere
805 1302 905 1342 mihi
929 1303 1086 1343 videtur
1116 1304 1343 1357 plurimum,
1375 1305 1416 1345 id
1448 1311 1508 1345 est
1533 1306 1638 1358 quod
1668 1307 1710 1345 in
1737 1306 1891 1346 somnio

321 1365 537 1419 Sophocleo
565 1366 641 1406 duo
673 1367 849 1406 membra
881 1367 996 1407 nobis
1021 1369 1264 1420 praebentur
1289 1376 1330 1410 et
1354 1370 1401 1410 ab
1428 1372 1624 1411 exteriore
1650 1376 1690 1411 et
1714 1370 1762 1411 ab
1787 1372 1891 1411 inte·

320 1433 425 1471 riore
445 1436 556 1484 parte
579 1431 786 1472 disiuncta.
841 1445 933 1473 nam
958 1434 1133 1486 primum
1159 1435 1319 1487 quidem
1339 1436 1579 1488 Agamemno
1598 1437 1685 1489 ipse
1705 1430 1892 1476 reversus

320 1496 573 1548 amplectitur
602 1510 784 1551 uxorem3
818 1498 922 1550 quod
954 1511 1026 1539 cur
1051 1499 1202 1552 fecerit,
1233 1513 1312 1540 non
1338 1501 1593 1554 intellegitur,
1625 1502 1703 1541 nisi
1728 1501 1804 1541 hoc
1829 1513 1890 1542 ar-

320 1567 550 1614 gumentum
578 1575 598 1602 e
624 1563 757 1614 priore
790 1563 920 1603 fabula
950 1565 1119 1616 petitum
1152 1578 1240 1605 esse
1271 1567 1537 1607 meminimus.
1579 1579 1707 1619 neque
1734 1568 1842 1607 enim
1868 1572 1890 1606 e

321 1626 403 1668 solo
436 1627 648 1667 concubitu
681 1627 986 1680 Clytaemestrae
1021 1631 1149 1670 oritur
1182 1630 1307 1671 ullum
1338 1628 1618 1688 periculum.4)
1655 1637 1738 1672 tum
1769 1630 1891 1672 verbo

320 1686 413 1732 εἶτα
439 1692 559 1732 altera
586 1705 678 1745 pars
704 1693 819 1745 plane
848 1694 1076 1735 dissolvitur
1101 1709 1122 1735 a
1147 1698 1293 1749 priore.

381 1757 458 1797 Sed
493 1771 537 1798 ea
564 1771 721 1810 quoque
754 1758 876 1799 altera
902 1761 1056 1812 species
1080 1774 1154 1813 per
1179 1774 1222 1802 se
1248 1774 1327 1802 non
1354 1764 1450 1802 satis
1475 1764 1686 1815 perspicua
1712 1768 1790 1816 est3
1820 1774 1891 1803 ne·

321 1835 398 1875 que
430 1824 536 1863 enim
562 1823 667 1875 quod
694 1823 908 1864 discrimen
934 1827 1056 1866 instet
1081 1828 1252 1879 reginae,
1287 1827 1391 1867 clare
1417 1828 1672 1880 intellegitur,
1703 1829 1783 1868 nisi
1808 1829 1891 1868 ani·

320 1899 429 1928 mum
455 1887 695 1928 advertimus
722 1889 769 1928 ad
788 1889 882 1929 Hdti
907 1891 1105 1943 historias,
1130 1891 1199 1931 ubi
1226 1887 1383 1947 (1108)
1410 1893 1512 1932 hanc
1536 1895 1805 1934 narrationem
1830 1894 1890 1933 in-

321 1953 503 1992 venimus
527 1965 693 2005 prorsus
720 1954 895 2006 eandem,
922 1968 1021 2007 quae
1048 1961 1175 1996 exstat
1199 1956 1303 2009 apud
1329 1957 1464 2009 Soph.:
1495 1959 1695 2010 Astyages,
1722 1971 1790 1998 rex
1810 1958 1892 1998 Me·

322 2016 474 2070 dorum,
508 2017 607 2058 vidit
639 2031 713 2070 per
747 2031 929 2059 somnum
964 2033 985 2060 e
1011 2023 1162 2072 gremio
1194 2021 1421 2077 Mandanae,
1456 2035 1555 2075 quae
1590 2023 1669 2063 filia
1703 2028 1892 2076 nupserat

323 2082 517 2135 Cambysi,
543 2084 628 2122 viro
648 2083 804 2135 Persae,
830 2085 950 2124 vitem
976 2088 1265 2137 germinantem
1291 2093 1331 2127 et
1355 2093 1476 2127 totam
1495 2088 1627 2128 Asiam
1653 2088 1890 2128 obumbran-

321 2153 412 2188 tem.
446 2161 561 2200 quam
595 2150 770 2200 speciem
802 2149 904 2201 Magi
938 2151 991 2190 ita
1023 2153 1275 2204 interpretati
1300 2158 1403 2204 sunt,
1437 2158 1482 2192 ut
1507 2153 1610 2192 filiae
1635 2159 1791 2205 partum
1817 2165 1891 2205 pro

382 2292 417 2336 1)
442 2292 485 2325 cf.
512 2291 565 2327 El.
588 2295 655 2326 645
683 2292 859 2338 φάσματα
885 2295 1023 2330 δισσῶν
1048 2293 1205 2339 ὀνείρων
1230 2297 1266 2331 et:
1291 2295 1402 2331 schol.

381 2346 416 2389 2)
441 2345 552 2388 paulo
578 2348 662 2381 ante
686 2357 720 2381 v.
742 2348 810 2381 480
837 2346 977 2382 dictum
1001 2347 1211 2392 ἁδύπνουν,
1236 2350 1335 2394 quod
1355 2349 1506 2394 quidem
1526 2350 1748 2385 adiectivum
1765 2350 1890 2396 potius

322 2398 461 2441 spectat
484 2397 524 2433 in
549 2398 651 2434 chori
677 2399 946 2435 affectationem
971 2400 1086 2436 animi
1113 2412 1177 2447 spe
1203 2402 1300 2438 elati.

383 2452 417 2495 3)
445 2450 556 2486 etiam
581 2464 615 2499 γ.
638 2455 729 2487 1389
739 2464 784 2488 se.
810 2453 943 2488 melius
970 2455 1191 2491 conveniunt
1214 2456 1329 2501 priori
1354 2457 1572 2500 tractationi,
1599 2468 1643 2492 ex
1668 2468 1742 2502 qua.
1765 2458 1891 2502 aperte

321 2503 534 2548 impendere
567 2506 715 2540 eaedem
747 2506 935 2542 efficiatur.
973 2518 1093 2552 neque
1124 2510 1223 2544 enim
1254 2509 1308 2544 ibi
1335 2509 1464 2555 ὄνειρα
1489 2510 1674 2556 pertinent:
1698 2510 1816 2546 solum
1842 2511 1891 2546 ad

322 2556 437 2591 animi
469 2558 699 2601 opinationes
732 2561 768 2594 et
799 2560 844 2594 de
875 2560 996 2595 futuro
1029 2562 1327 2606 exspectationes,
1364 2563 1488 2608 potius
1522 2563 1667 2599 animus
1698 2564 1893 2599 revertitur

322 2609 369 2644 ad
394 2621 427 2644 V.
450 2613 517 2645 498
527 2622 571 2646 ss.
599 2612 656 2657 (cf.
677 2612 888 2647 Kaibelium
913 2614 960 2648 ad
986 2625 1019 2649 v.
1042 2617 1157 2660 1398).
1185 2636 1229 2642 —
1256 2616 1301 2651 de
1327 2627 1360 2651 v.
1383 2619 1534 2660 784—6,
1560 2617 1694 2661 quibus
1713 2619 1890 2662 tanquam

323 2664 430 2699 draco
462 2664 611 2709 reginae
643 2665 860 2710 sanguinem
891 2666 1077 2702 obducens
1110 2668 1336 2713 significatur
1360 2670 1512 2713 Electra,
1539 2670 1614 2705 iam
1639 2681 1750 2715 supra.
1774 2669 1890 2705 disse-

322 2716 462 2751 ruimus
487 2729 523 2762 p.
545 2721 623 2764 222.

384 2771 417 2814 4)
443 2781 529 2804 nam
556 2772 622 2805 etsi
650 2783 746 2815 eum,
782 2772 847 2817 qui
878 2774 1004 2818 aliqua
1034 2785 1116 2809 cum
1146 2776 1291 2811 mortua.
1315 2775 1562 2818 concubuerit,
1594 2775 1717 2821 ipsum
1743 2787 1891 2822 quoque

323 2822 431 2857 morti
458 2823 680 2859 destinatum
707 2836 785 2860 esse
810 2826 921 2871 vulgo
948 2829 1025 2862 erat
1047 2839 1274 2872 persuasum,
1299 2831 1422 2864 tamen
1446 2829 1516 2864 hoc
1540 2829 1619 2865 loco
1644 2830 1893 2874 praedicenda.

323 2876 400 2910 erat
426 2876 547 2910 caedis
576 2877 747 2913 vindicta.
