<?xml version="1.0" encoding="UTF-8"?>
<!DOCTYPE html PUBLIC "-//W3C//DTD XHTML 1.0 Transitional//EN"
    "http://www.w3.org/TR/xhtml1/DTD/xhtml1-transitional.dtd">
<html xmlns="http://www.w3.org/1999/xhtml" xml:lang="en" lang="en">
 <head>
  <title>
</title>
<meta http-equiv="Content-Type" content="text/html;charset=utf-8" />
  <meta name='ocr-system' content='tesseract 3.04.00' />
  <meta name='ocr-capabilities' content='ocr_page ocr_carea ocr_par ocr_line ocrx_word'/>
</head>
<body>
  <div class='ocr_page' id='page_1' title='image "./sophoclesquiddeb00rascuoft_0073.png"; bbox 0 0 2106 3320; ppageno 0'>
   <div class='ocr_carea' id='block_1_1' title="bbox 0 2501 54 3320">
    <p class='ocr_par' dir='ltr' id='par_1_1' title="bbox 0 2501 54 3320">
     <span class='ocr_line' id='line_1_1' title="bbox 0 2501 54 3320; baseline 0 0"><span class='ocrx_word' id='word_1_1' title='bbox 0 2501 54 3320; x_wconf 95' lang='lat' dir='ltr'><strong> </strong></span> 
     </span>
    </p>
   </div>
   <div class='ocr_carea' id='block_1_2' title="bbox 827 170 1125 213">
    <p class='ocr_par' dir='ltr' id='par_1_2' title="bbox 827 170 1125 213">
     <span class='ocr_line' id='line_1_2' title="bbox 827 170 1125 213; baseline -0.003 -12"><span class='ocrx_word' id='word_1_2' title='bbox 827 170 1125 213; x_wconf 75' lang='lat'><strong>-53-</strong></span> 
     </span>
    </p>
   </div>
   <div class='ocr_carea' id='block_1_3' title="bbox 171 279 1768 2047">
    <p class='ocr_par' dir='ltr' id='par_1_3' title="bbox 173 279 1768 543">
     <span class='ocr_line' id='line_1_3' title="bbox 185 279 1768 348; baseline -0.001 -13"><span class='ocrx_word' id='word_1_3' title='bbox 185 279 407 346; x_wconf 54' lang='lat' dir='ltr'><strong>&amp;affinius</strong></span> <span class='ocrx_word' id='word_1_4' title='bbox 437 290 647 345; x_wconf 78' lang='lat' dir='ltr'><strong>Sophoclis</strong></span> <span class='ocrx_word' id='word_1_5' title='bbox 677 288 931 347; x_wconf 82' lang='lat' dir='ltr'><strong>auctorem.¹)</strong></span> <span class='ocrx_word' id='word_1_6' title='bbox 986 292 1058 333; x_wconf 85' lang='lat' dir='ltr'><strong>sed</strong></span> <span class='ocrx_word' id='word_1_7' title='bbox 1089 291 1195 346; x_wconf 83' lang='lat' dir='ltr'><strong>quod</strong></span> <span class='ocrx_word' id='word_1_8' title='bbox 1226 291 1437 333; x_wconf 72' lang='lat' dir='ltr'><strong>scholiasta</strong></span> <span class='ocrx_word' id='word_1_9' title='bbox 1469 287 1539 347; x_wconf 90' lang='lat' dir='ltr'><strong>(ad</strong></span> <span class='ocrx_word' id='word_1_10' title='bbox 1563 290 1605 332; x_wconf 86' lang='lat' dir='ltr'><strong>n.</strong></span> <span class='ocrx_word' id='word_1_11' title='bbox 1635 289 1768 348; x_wconf 64' lang='lat' dir='ltr'><strong>lom)</strong></span> 
     </span>
     <span class='ocr_line' id='line_1_4' title="bbox 173 354 1766 412; baseline -0.001 -11"><span class='ocrx_word' id='word_1_12' title='bbox 173 355 339 403; x_wconf 60' lang='lat' dir='ltr'><strong>m</strong></span> <span class='ocrx_word' id='word_1_13' title='bbox 356 355 519 398; x_wconf 79' lang='lat' dir='ltr'><strong>exhibet</strong></span> <span class='ocrx_word' id='word_1_14' title='bbox 531 354 670 398; x_wconf 68' lang='grc' dir='ltr'><strong><em>’κύων</em></strong></span> <span class='ocrx_word' id='word_1_15' title='bbox 690 354 1032 411; x_wconf 75' lang='grc' dir='ltr'><strong><em>ἀφαιρεθέντων</em></strong></span> <span class='ocrx_word' id='word_1_16' title='bbox 1049 356 1186 412; x_wconf 82' lang='grc' dir='ltr'><strong><em>αὐτῆς</em></strong></span> <span class='ocrx_word' id='word_1_17' title='bbox 1204 363 1297 399; x_wconf 76' lang='grc' dir='ltr'><strong>τῶν</strong></span> <span class='ocrx_word' id='word_1_18' title='bbox 1313 355 1494 411; x_wconf 66' lang='grc' dir='ltr'><strong>κύνα-ψ’,</strong></span> <span class='ocrx_word' id='word_1_19' title='bbox 1518 357 1594 398; x_wconf 82' lang='lat' dir='ltr'><strong>hoc</strong></span> <span class='ocrx_word' id='word_1_20' title='bbox 1612 357 1766 399; x_wconf 77' lang='lat' dir='ltr'>redolet</span> 
     </span>
     <span class='ocr_line' id='line_1_5' title="bbox 186 419 1767 477; baseline 0 -12"><span class='ocrx_word' id='word_1_21' title='bbox 186 419 356 465; x_wconf 55' lang='grc' dir='ltr'><strong>Πᾶσαι)</strong></span> <span class='ocrx_word' id='word_1_22' title='bbox 374 423 548 476; x_wconf 81' lang='lat' dir='ltr'><strong>pastoris</strong></span> <span class='ocrx_word' id='word_1_23' title='bbox 572 435 737 463; x_wconf 85' lang='lat' dir='ltr'><strong>uxorem</strong></span> <span class='ocrx_word' id='word_1_24' title='bbox 758 422 878 476; x_wconf 80' lang='lat' dir='ltr'><strong>Cyno,</strong></span> <span class='ocrx_word' id='word_1_25' title='bbox 903 425 1019 464; x_wconf 89' lang='lat' dir='ltr'><strong>cuius</strong></span> <span class='ocrx_word' id='word_1_26' title='bbox 1043 429 1159 477; x_wconf 88' lang='lat' dir='ltr'><strong>partu</strong></span> <span class='ocrx_word' id='word_1_27' title='bbox 1178 423 1311 464; x_wconf 86' lang='lat' dir='ltr'><strong>editus</strong></span> <span class='ocrx_word' id='word_1_28' title='bbox 1335 429 1463 464; x_wconf 89' lang='lat' dir='ltr'><strong>morte</strong></span> <span class='ocrx_word' id='word_1_29' title='bbox 1483 422 1672 477; x_wconf 87' lang='lat' dir='ltr'><strong>abreptus</strong></span> <span class='ocrx_word' id='word_1_30' title='bbox 1691 430 1767 477; x_wconf 84' lang='lat' dir='ltr'><strong>est,</strong></span> 
     </span>
     <span class='ocr_line' id='line_1_6' title="bbox 185 487 1589 543; baseline -0.001 -12"><span class='ocrx_word' id='word_1_31' title='bbox 185 491 258 531; x_wconf 67' lang='grc' dir='ltr'><strong>-ῑ</strong></span> <span class='ocrx_word' id='word_1_32' title='bbox 277 488 412 542; x_wconf 75' lang='lat' dir='ltr'><strong>potins</strong></span> <span class='ocrx_word' id='word_1_33' title='bbox 436 487 556 529; x_wconf 90' lang='lat' dir='ltr'><strong>huius</strong></span> <span class='ocrx_word' id='word_1_34' title='bbox 582 489 778 529; x_wconf 78' lang='lat' dir='ltr'>versionis</span> <span class='ocrx_word' id='word_1_35' title='bbox 803 489 1008 529; x_wconf 86' lang='lat' dir='ltr'><strong>rationalis</strong></span> <span class='ocrx_word' id='word_1_36' title='bbox 1033 489 1333 530; x_wconf 77' lang='lat' dir='ltr'><strong>fundamentum</strong></span> <span class='ocrx_word' id='word_1_37' title='bbox 1359 489 1589 543; x_wconf 79' lang='lat' dir='ltr'><strong>mythicum.</strong></span> 
     </span>
    </p>

    <p class='ocr_par' dir='ltr' id='par_1_4' title="bbox 171 551 1767 939">
     <span class='ocr_line' id='line_1_7' title="bbox 244 551 1765 608; baseline 0.001 -13"><span class='ocrx_word' id='word_1_38' title='bbox 244 551 408 595; x_wconf 77' lang='lat' dir='ltr'><strong>Summa</strong></span> <span class='ocrx_word' id='word_1_39' title='bbox 433 554 556 607; x_wconf 75' lang='lat' dir='ltr'><strong>igitur</strong></span> <span class='ocrx_word' id='word_1_40' title='bbox 580 553 735 595; x_wconf 79' lang='lat' dir='ltr'><strong>fabulae</strong></span> <span class='ocrx_word' id='word_1_41' title='bbox 756 554 998 607; x_wconf 83' lang='lat' dir='ltr'><strong>Sophocleae</strong></span> <span class='ocrx_word' id='word_1_42' title='bbox 1024 556 1083 595; x_wconf 88' lang='lat' dir='ltr'><strong>sic</strong></span> <span class='ocrx_word' id='word_1_43' title='bbox 1108 556 1405 596; x_wconf 88' lang='lat' dir='ltr'><strong>constituimus:</strong></span> <span class='ocrx_word' id='word_1_44' title='bbox 1429 554 1534 608; x_wconf 77' lang='lat' dir='ltr'><strong>Tyro</strong></span> <span class='ocrx_word' id='word_1_45' title='bbox 1553 567 1574 595; x_wconf 85' lang='lat' dir='ltr'><strong>a</strong></span> <span class='ocrx_word' id='word_1_46' title='bbox 1593 567 1765 596; x_wconf 80' lang='lat' dir='ltr'><strong>noverca</strong></span> 
     </span>
     <span class='ocr_line' id='line_1_8' title="bbox 171 619 1767 674; baseline 0.001 -15"><span class='ocrx_word' id='word_1_47' title='bbox 171 624 324 661; x_wconf 57' lang='lat' dir='ltr'><strong>uexata</strong></span> <span class='ocrx_word' id='word_1_48' title='bbox 348 619 391 660; x_wconf 85' lang='lat' dir='ltr'><strong>in</strong></span> <span class='ocrx_word' id='word_1_49' title='bbox 413 619 595 673; x_wconf 75' lang='lat' dir='ltr'><strong>equando</strong></span> <span class='ocrx_word' id='word_1_50' title='bbox 621 632 686 660; x_wconf 85' lang='lat' dir='ltr'><strong>res</strong></span> <span class='ocrx_word' id='word_1_51' title='bbox 711 619 830 660; x_wconf 88' lang='lat' dir='ltr'><strong>habet</strong></span> <span class='ocrx_word' id='word_1_52' title='bbox 854 633 946 661; x_wconf 91' lang='lat' dir='ltr'><strong>cum</strong></span> <span class='ocrx_word' id='word_1_53' title='bbox 971 619 1167 674; x_wconf 84' lang='lat' dir='ltr'><strong>Neptuno,</strong></span> <span class='ocrx_word' id='word_1_54' title='bbox 1191 632 1239 661; x_wconf 85' lang='lat' dir='ltr'><strong>ex</strong></span> <span class='ocrx_word' id='word_1_55' title='bbox 1272 633 1350 673; x_wconf 88' lang='lat' dir='ltr'><strong>quo</strong></span> <span class='ocrx_word' id='word_1_56' title='bbox 1381 622 1556 674; x_wconf 81' lang='lat' dir='ltr'><strong>concipit</strong></span> <span class='ocrx_word' id='word_1_57' title='bbox 1584 621 1767 674; x_wconf 75' lang='lat' dir='ltr'><strong>geminos</strong></span> 
     </span>
     <span class='ocr_line' id='line_1_9' title="bbox 184 681 1765 740; baseline 0.001 -15"><span class='ocrx_word' id='word_1_58' title='bbox 184 681 288 726; x_wconf 74' lang='lat' dir='ltr'><strong>elam</strong></span> <span class='ocrx_word' id='word_1_59' title='bbox 317 684 591 738; x_wconf 83' lang='lat' dir='ltr'><strong>exponendos:</strong></span> <span class='ocrx_word' id='word_1_60' title='bbox 629 686 798 738; x_wconf 80' lang='lat' dir='ltr'><strong>expositi</strong></span> <span class='ocrx_word' id='word_1_61' title='bbox 824 685 873 726; x_wconf 92' lang='lat' dir='ltr'><strong>ab</strong></span> <span class='ocrx_word' id='word_1_62' title='bbox 898 699 1002 739; x_wconf 88' lang='lat' dir='ltr'><strong>equo</strong></span> <span class='ocrx_word' id='word_1_63' title='bbox 1026 687 1108 727; x_wconf 87' lang='lat' dir='ltr'><strong>tusi</strong></span> <span class='ocrx_word' id='word_1_64' title='bbox 1132 691 1173 726; x_wconf 92' lang='lat' dir='ltr'><strong>et</strong></span> <span class='ocrx_word' id='word_1_65' title='bbox 1197 698 1218 726; x_wconf 91' lang='lat' dir='ltr'><strong>a</strong></span> <span class='ocrx_word' id='word_1_66' title='bbox 1243 698 1342 727; x_wconf 90' lang='lat' dir='ltr'><strong>cane</strong></span> <span class='ocrx_word' id='word_1_67' title='bbox 1368 687 1510 726; x_wconf 88' lang='lat' dir='ltr'><strong>nutriti</strong></span> <span class='ocrx_word' id='word_1_68' title='bbox 1534 699 1555 726; x_wconf 86' lang='lat' dir='ltr'><strong>a</strong></span> <span class='ocrx_word' id='word_1_69' title='bbox 1581 688 1765 740; x_wconf 86' lang='lat' dir='ltr'><strong>caprario</strong></span> 
     </span>
     <span class='ocr_line' id='line_1_10' title="bbox 175 747 1763 805; baseline 0 -13"><span class='ocrx_word' id='word_1_70' title='bbox 175 747 417 804; x_wconf 9' lang='lat' dir='ltr'><strong>induuntur.</strong></span> <span class='ocrx_word' id='word_1_71' title='bbox 442 750 567 791; x_wconf 88' lang='lat' dir='ltr'><strong>adulti</strong></span> <span class='ocrx_word' id='word_1_72' title='bbox 586 764 607 791; x_wconf 94' lang='lat' dir='ltr'><strong>a</strong></span> <span class='ocrx_word' id='word_1_73' title='bbox 627 757 787 805; x_wconf 77' lang='lat' dir='ltr'><strong>pastore</strong></span> <span class='ocrx_word' id='word_1_74' title='bbox 813 751 944 792; x_wconf 84' lang='lat' dir='ltr'><strong>edocti</strong></span> <span class='ocrx_word' id='word_1_75' title='bbox 969 752 1210 792; x_wconf 84' lang='lat' dir='ltr'><strong>conveniunt</strong></span> <span class='ocrx_word' id='word_1_76' title='bbox 1234 764 1325 792; x_wconf 90' lang='lat' dir='ltr'><strong>cum</strong></span> <span class='ocrx_word' id='word_1_77' title='bbox 1351 757 1477 792; x_wconf 90' lang='lat' dir='ltr'><strong>matre</strong></span> <span class='ocrx_word' id='word_1_78' title='bbox 1496 751 1700 792; x_wconf 86' lang='lat' dir='ltr'><strong>liberanda</strong></span> <span class='ocrx_word' id='word_1_79' title='bbox 1720 753 1763 793; x_wconf 92' lang='lat' dir='ltr'><strong>in</strong></span> 
     </span>
     <span class='ocr_line' id='line_1_11' title="bbox 181 816 1765 870; baseline 0.001 -14"><span class='ocrx_word' id='word_1_80' title='bbox 181 819 316 869; x_wconf 80' lang='lat' dir='ltr'><strong>puteo,</strong></span> <span class='ocrx_word' id='word_1_81' title='bbox 349 822 620 868; x_wconf 80' lang='lat' dir='ltr'><strong>agnoscuntur</strong></span> <span class='ocrx_word' id='word_1_82' title='bbox 650 829 697 857; x_wconf 85' lang='lat' dir='ltr'><strong>ex</strong></span> <span class='ocrx_word' id='word_1_83' title='bbox 724 816 847 870; x_wconf 84' lang='lat' dir='ltr'><strong>alveo,</strong></span> <span class='ocrx_word' id='word_1_84' title='bbox 881 829 1029 870; x_wconf 87' lang='lat' dir='ltr'><strong>poenas</strong></span> <span class='ocrx_word' id='word_1_85' title='bbox 1054 822 1242 870; x_wconf 86' lang='lat' dir='ltr'><strong>repetunt</strong></span> <span class='ocrx_word' id='word_1_86' title='bbox 1266 830 1289 858; x_wconf 90' lang='lat' dir='ltr'><strong>a</strong></span> <span class='ocrx_word' id='word_1_87' title='bbox 1313 817 1518 858; x_wconf 87' lang='lat' dir='ltr'><strong>Siderone.</strong></span> <span class='ocrx_word' id='word_1_88' title='bbox 1556 830 1634 870; x_wconf 83' lang='lat' dir='ltr'><strong>quo</strong></span> <span class='ocrx_word' id='word_1_89' title='bbox 1660 818 1765 858; x_wconf 76' lang='lat' dir='ltr'><strong>facto</strong></span> 
     </span>
     <span class='ocr_line' id='line_1_12' title="bbox 183 879 1593 939; baseline 0.001 -17"><span class='ocrx_word' id='word_1_90' title='bbox 183 880 228 922; x_wconf 79' lang='lat' dir='ltr'><strong>in</strong></span> <span class='ocrx_word' id='word_1_91' title='bbox 250 892 451 922; x_wconf 72' lang='lat' dir='ltr'><strong>summum</strong></span> <span class='ocrx_word' id='word_1_92' title='bbox 477 881 692 923; x_wconf 80' lang='lat' dir='ltr'><strong>discrimen</strong></span> <span class='ocrx_word' id='word_1_93' title='bbox 719 881 869 923; x_wconf 85' lang='lat' dir='ltr'><strong>redacti</strong></span> <span class='ocrx_word' id='word_1_94' title='bbox 894 882 943 923; x_wconf 89' lang='lat' dir='ltr'><strong>ab</strong></span> <span class='ocrx_word' id='word_1_95' title='bbox 968 895 1039 923; x_wconf 84' lang='lat' dir='ltr'><strong>avo</strong></span> <span class='ocrx_word' id='word_1_96' title='bbox 1064 895 1222 936; x_wconf 86' lang='lat' dir='ltr'><strong>quoque</strong></span> <span class='ocrx_word' id='word_1_97' title='bbox 1247 879 1593 939; x_wconf 80' lang='lat' dir='ltr'><strong>cognoscuntur.¹)</strong></span> 
     </span>
    </p>

    <p class='ocr_par' dir='ltr' id='par_1_5' title="bbox 178 945 1766 1395">
     <span class='ocr_line' id='line_1_13' title="bbox 242 945 1766 1001; baseline 0.002 -14"><span class='ocrx_word' id='word_1_98' title='bbox 242 945 325 987; x_wconf 78' lang='lat' dir='ltr'><strong>lam</strong></span> <span class='ocrx_word' id='word_1_99' title='bbox 348 951 394 987; x_wconf 89' lang='lat' dir='ltr'><strong>ut</strong></span> <span class='ocrx_word' id='word_1_100' title='bbox 418 947 539 988; x_wconf 83' lang='lat' dir='ltr'><strong>tinem</strong></span> <span class='ocrx_word' id='word_1_101' title='bbox 565 947 857 988; x_wconf 75' lang='lat' dir='ltr'><strong>dissertationis</strong></span> <span class='ocrx_word' id='word_1_102' title='bbox 882 949 924 988; x_wconf 91' lang='lat' dir='ltr'><strong>in</strong></span> <span class='ocrx_word' id='word_1_103' title='bbox 950 960 1074 988; x_wconf 92' lang='lat' dir='ltr'><strong>unum</strong></span> <span class='ocrx_word' id='word_1_104' title='bbox 1100 948 1427 1001; x_wconf 82' lang='lat' dir='ltr'><strong>complectamur:</strong></span> <span class='ocrx_word' id='word_1_105' title='bbox 1462 946 1766 1001; x_wconf 79' lang='grc' dir='ltr'><strong><em>ἀναγνώρισις</em></strong></span> 
     </span>
     <span class='ocr_line' id='line_1_14' title="bbox 183 1009 1763 1067; baseline 0.001 -15"><span class='ocrx_word' id='word_1_106' title='bbox 183 1009 251 1052; x_wconf 79' lang='lat' dir='ltr'><strong>tlh</strong></span> <span class='ocrx_word' id='word_1_107' title='bbox 273 1009 434 1052; x_wconf 82' lang='lat' dir='ltr'><strong>Romuli</strong></span> <span class='ocrx_word' id='word_1_108' title='bbox 468 1014 696 1054; x_wconf 77' lang='lat' dir='ltr'><strong>narratione</strong></span> <span class='ocrx_word' id='word_1_109' title='bbox 731 1012 911 1066; x_wconf 81' lang='lat' dir='ltr'><strong>praebita</strong></span> <span class='ocrx_word' id='word_1_110' title='bbox 946 1020 1081 1054; x_wconf 88' lang='lat' dir='ltr'><strong>utrum</strong></span> <span class='ocrx_word' id='word_1_111' title='bbox 1114 1026 1163 1054; x_wconf 81' lang='lat' dir='ltr'><strong>ex</strong></span> <span class='ocrx_word' id='word_1_112' title='bbox 1189 1015 1276 1067; x_wconf 86' lang='lat' dir='ltr'><strong>ipso</strong></span> <span class='ocrx_word' id='word_1_113' title='bbox 1302 1014 1405 1055; x_wconf 84' lang='lat' dir='ltr'><strong>Hdto</strong></span> <span class='ocrx_word' id='word_1_114' title='bbox 1430 1019 1587 1067; x_wconf 90' lang='lat' dir='ltr'><strong>sumpta</strong></span> <span class='ocrx_word' id='word_1_115' title='bbox 1612 1015 1676 1067; x_wconf 89' lang='lat' dir='ltr'><strong>sit,</strong></span> <span class='ocrx_word' id='word_1_116' title='bbox 1711 1027 1763 1055; x_wconf 90' lang='lat' dir='ltr'><strong>an</strong></span> 
     </span>
     <span class='ocr_line' id='line_1_15' title="bbox 181 1075 1762 1132; baseline 0.001 -14"><span class='ocrx_word' id='word_1_117' title='bbox 181 1075 445 1130; x_wconf 80' lang='lat' dir='ltr'><strong>inSopboctis</strong></span> <span class='ocrx_word' id='word_1_118' title='bbox 457 1077 614 1131; x_wconf 79' lang='lat' dir='ltr'><strong>Tyrone</strong></span> <span class='ocrx_word' id='word_1_119' title='bbox 627 1079 705 1118; x_wconf 86' lang='lat' dir='ltr'><strong>iam</strong></span> <span class='ocrx_word' id='word_1_120' title='bbox 718 1084 907 1132; x_wconf 86' lang='lat' dir='ltr'><strong>usurpata</strong></span> <span class='ocrx_word' id='word_1_121' title='bbox 922 1079 1054 1131; x_wconf 80' lang='lat' dir='ltr'><strong>ruerit,</strong></span> <span class='ocrx_word' id='word_1_122' title='bbox 1067 1084 1231 1132; x_wconf 90' lang='lat' dir='ltr'><strong>propter</strong></span> <span class='ocrx_word' id='word_1_123' title='bbox 1245 1079 1488 1132; x_wconf 81' lang='lat' dir='ltr'><strong>tragoediam</strong></span> <span class='ocrx_word' id='word_1_124' title='bbox 1501 1079 1762 1132; x_wconf 89' lang='lat' dir='ltr'><strong>Sophocleam</strong></span> 
     </span>
     <span class='ocr_line' id='line_1_16' title="bbox 181 1142 1762 1199; baseline 0.001 -15"><span class='ocrx_word' id='word_1_125' title='bbox 181 1142 304 1184; x_wconf 78' lang='lat' dir='ltr'><strong>nimis</strong></span> <span class='ocrx_word' id='word_1_126' title='bbox 322 1142 542 1184; x_wconf 83' lang='lat' dir='ltr'><strong>mutilatam</strong></span> <span class='ocrx_word' id='word_1_127' title='bbox 559 1155 726 1197; x_wconf 88' lang='lat' dir='ltr'><strong>prorsus</strong></span> <span class='ocrx_word' id='word_1_128' title='bbox 747 1143 978 1185; x_wconf 87' lang='lat' dir='ltr'><strong>discernere</strong></span> <span class='ocrx_word' id='word_1_129' title='bbox 997 1156 1077 1185; x_wconf 91' lang='lat' dir='ltr'><strong>non</strong></span> <span class='ocrx_word' id='word_1_130' title='bbox 1100 1156 1331 1199; x_wconf 83' lang='lat' dir='ltr'><strong>possumus3</strong></span> <span class='ocrx_word' id='word_1_131' title='bbox 1358 1150 1490 1185; x_wconf 89' lang='lat' dir='ltr'><strong>tamen</strong></span> <span class='ocrx_word' id='word_1_132' title='bbox 1510 1157 1583 1198; x_wconf 89' lang='lat' dir='ltr'><strong>per</strong></span> <span class='ocrx_word' id='word_1_133' title='bbox 1601 1157 1644 1185; x_wconf 89' lang='lat' dir='ltr'><strong>se</strong></span> <span class='ocrx_word' id='word_1_134' title='bbox 1663 1146 1762 1185; x_wconf 92' lang='lat' dir='ltr'><strong>mai·</strong></span> 
     </span>
     <span class='ocr_line' id='line_1_17' title="bbox 181 1208 1761 1263; baseline 0.001 -14"><span class='ocrx_word' id='word_1_135' title='bbox 181 1219 292 1250; x_wconf 84' lang='lat' dir='ltr'><strong>orem</strong></span> <span class='ocrx_word' id='word_1_136' title='bbox 322 1220 419 1262; x_wconf 82' lang='lat' dir='ltr'><strong>prae</strong></span> <span class='ocrx_word' id='word_1_137' title='bbox 449 1221 493 1250; x_wconf 87' lang='lat' dir='ltr'><strong>se</strong></span> <span class='ocrx_word' id='word_1_138' title='bbox 521 1209 601 1250; x_wconf 78' lang='lat' dir='ltr'><strong>sert</strong></span> <span class='ocrx_word' id='word_1_139' title='bbox 625 1208 946 1262; x_wconf 76' lang='lat' dir='ltr'><strong>probabilitatem</strong></span> <span class='ocrx_word' id='word_1_140' title='bbox 973 1222 1018 1250; x_wconf 90' lang='lat' dir='ltr'><strong>ea</strong></span> <span class='ocrx_word' id='word_1_141' title='bbox 1044 1212 1158 1262; x_wconf 89' lang='lat' dir='ltr'><strong>ratio,</strong></span> <span class='ocrx_word' id='word_1_142' title='bbox 1191 1223 1267 1263; x_wconf 87' lang='lat' dir='ltr'><strong>qua</strong></span> <span class='ocrx_word' id='word_1_143' title='bbox 1294 1212 1553 1251; x_wconf 86' lang='lat' dir='ltr'><strong>constituitur</strong></span> <span class='ocrx_word' id='word_1_144' title='bbox 1577 1216 1761 1251; x_wconf 80' lang='lat' dir='ltr'><strong>cunctam</strong></span> 
     </span>
     <span class='ocr_line' id='line_1_18' title="bbox 178 1270 1762 1329; baseline 0.001 -15"><span class='ocrx_word' id='word_1_145' title='bbox 178 1270 340 1315; x_wconf 67' lang='lat' dir='ltr'><strong>Runuli</strong></span> <span class='ocrx_word' id='word_1_146' title='bbox 373 1272 544 1315; x_wconf 75' lang='lat' dir='ltr'><strong>tabulam</strong></span> <span class='ocrx_word' id='word_1_147' title='bbox 571 1287 594 1315; x_wconf 91' lang='lat' dir='ltr'><strong>e</strong></span> <span class='ocrx_word' id='word_1_148' title='bbox 621 1274 702 1315; x_wconf 85' lang='lat' dir='ltr'><strong>sola</strong></span> <span class='ocrx_word' id='word_1_149' title='bbox 727 1274 884 1328; x_wconf 78' lang='lat' dir='ltr'><strong>Tyrone</strong></span> <span class='ocrx_word' id='word_1_150' title='bbox 919 1287 1008 1315; x_wconf 88' lang='lat' dir='ltr'><strong>esse</strong></span> <span class='ocrx_word' id='word_1_151' title='bbox 1033 1275 1264 1316; x_wconf 85' lang='lat' dir='ltr'><strong>translatam</strong></span> <span class='ocrx_word' id='word_1_152' title='bbox 1291 1275 1399 1316; x_wconf 91' lang='lat' dir='ltr'><strong>nullo</strong></span> <span class='ocrx_word' id='word_1_153' title='bbox 1425 1276 1501 1316; x_wconf 93' lang='lat' dir='ltr'><strong>alio</strong></span> <span class='ocrx_word' id='word_1_154' title='bbox 1526 1281 1762 1329; x_wconf 84' lang='lat' dir='ltr'><strong>argumento</strong></span> 
     </span>
     <span class='ocr_line' id='line_1_19' title="bbox 179 1335 612 1395; baseline 0.002 -15"><span class='ocrx_word' id='word_1_155' title='bbox 179 1336 341 1380; x_wconf 75' lang='lat' dir='ltr'><strong>aliunde</strong></span> <span class='ocrx_word' id='word_1_156' title='bbox 364 1335 612 1395; x_wconf 73' lang='lat' dir='ltr'><strong>inculcato.⁸)</strong></span> 
     </span>
    </p>

    <p class='ocr_par' dir='ltr' id='par_1_6' title="bbox 177 1402 1762 2047">
     <span class='ocr_line' id='line_1_20' title="bbox 238 1402 1761 1461; baseline 0.001 -15"><span class='ocrx_word' id='word_1_157' title='bbox 238 1402 314 1446; x_wconf 80' lang='lat' dir='ltr'><strong>llic</strong></span> <span class='ocrx_word' id='word_1_158' title='bbox 336 1417 431 1445; x_wconf 81' lang='lat' dir='ltr'><strong>vero</strong></span> <span class='ocrx_word' id='word_1_159' title='bbox 466 1411 627 1458; x_wconf 77' lang='lat' dir='ltr'><strong>tangere</strong></span> <span class='ocrx_word' id='word_1_160' title='bbox 662 1407 741 1446; x_wconf 90' lang='lat' dir='ltr'><strong>iam</strong></span> <span class='ocrx_word' id='word_1_161' title='bbox 775 1405 893 1446; x_wconf 88' lang='lat' dir='ltr'><strong>liceat</strong></span> <span class='ocrx_word' id='word_1_162' title='bbox 928 1406 1001 1459; x_wconf 79' lang='lat' dir='ltr'><strong>srg.</strong></span> <span class='ocrx_word' id='word_1_163' title='bbox 1025 1404 1108 1447; x_wconf 90' lang='grc'><strong>601</strong></span> <span class='ocrx_word' id='word_1_164' title='bbox 1146 1402 1256 1461; x_wconf 87' lang='lat' dir='ltr'><strong>(utra</strong></span> <span class='ocrx_word' id='word_1_165' title='bbox 1281 1419 1329 1447; x_wconf 87' lang='lat' dir='ltr'><strong>ex</strong></span> <span class='ocrx_word' id='word_1_166' title='bbox 1354 1406 1511 1458; x_wconf 78' lang='lat' dir='ltr'><strong>Tyrone</strong></span> <span class='ocrx_word' id='word_1_167' title='bbox 1538 1407 1761 1460; x_wconf 77' lang='lat' dir='ltr'><strong>proiectum</strong></span> 
     </span>
     <span class='ocr_line' id='line_1_21' title="bbox 178 1466 1762 1527; baseline 0.001 -16"><span class='ocrx_word' id='word_1_168' title='bbox 178 1470 245 1523; x_wconf 75' lang='lat' dir='ltr'><strong>uit,</strong></span> <span class='ocrx_word' id='word_1_169' title='bbox 270 1467 472 1524; x_wconf 63' lang='lat' dir='ltr'><strong>dubium:</strong></span> <span class='ocrx_word' id='word_1_170' title='bbox 498 1468 640 1524; x_wconf 71' lang='grc' dir='ltr'><strong><em>’μήπω</em></strong></span> <span class='ocrx_word' id='word_1_171' title='bbox 668 1466 759 1525; x_wconf 79' lang='grc' dir='ltr'><strong><em>μέγ’</em></strong></span> <span class='ocrx_word' id='word_1_172' title='bbox 788 1473 926 1526; x_wconf 71' lang='grc' dir='ltr'><strong><em>εἴπῃς,</em></strong></span> <span class='ocrx_word' id='word_1_173' title='bbox 950 1469 1059 1525; x_wconf 80' lang='grc' dir='ltr'><strong><em>πρὶν</em></strong></span> <span class='ocrx_word' id='word_1_174' title='bbox 1083 1468 1386 1526; x_wconf 78' lang='grc' dir='ltr'><strong><em>τελευτήσαντ’</em></strong></span> <span class='ocrx_word' id='word_1_175' title='bbox 1412 1470 1540 1527; x_wconf 70' lang='grc' dir='ltr'><strong><em>ἴδῃς’,</em></strong></span> <span class='ocrx_word' id='word_1_176' title='bbox 1565 1472 1671 1526; x_wconf 89' lang='lat' dir='ltr'><strong>quod</strong></span> <span class='ocrx_word' id='word_1_177' title='bbox 1697 1485 1762 1514; x_wconf 88' lang='lat' dir='ltr'><strong>re·</strong></span> 
     </span>
     <span class='ocr_line' id='line_1_22' title="bbox 180 1533 1760 1594; baseline 0.003 -19"><span class='ocrx_word' id='word_1_178' title='bbox 180 1533 288 1576; x_wconf 79' lang='lat' dir='ltr'><strong>dolet</strong></span> <span class='ocrx_word' id='word_1_179' title='bbox 311 1534 409 1576; x_wconf 89' lang='lat' dir='ltr'><strong>illud</strong></span> <span class='ocrx_word' id='word_1_180' title='bbox 427 1535 585 1576; x_wconf 88' lang='lat' dir='ltr'><strong>Solonis</strong></span> <span class='ocrx_word' id='word_1_181' title='bbox 611 1535 760 1577; x_wconf 92' lang='lat' dir='ltr'><strong>dictum</strong></span> <span class='ocrx_word' id='word_1_182' title='bbox 786 1536 1095 1578; x_wconf 89' lang='lat' dir='ltr'><strong>celeberrimum</strong></span> <span class='ocrx_word' id='word_1_183' title='bbox 1121 1537 1170 1578; x_wconf 91' lang='lat' dir='ltr'><strong>ab</strong></span> <span class='ocrx_word' id='word_1_184' title='bbox 1196 1536 1299 1578; x_wconf 85' lang='lat' dir='ltr'><strong>Hdto</strong></span> <span class='ocrx_word' id='word_1_185' title='bbox 1325 1538 1515 1579; x_wconf 89' lang='lat' dir='ltr'><strong>traditum</strong></span> <span class='ocrx_word' id='word_1_186' title='bbox 1537 1533 1659 1594; x_wconf 60' lang='lat'>(1⁸¹).</span> <span class='ocrx_word' id='word_1_187' title='bbox 1687 1538 1760 1579; x_wconf 90' lang='lat' dir='ltr'><strong>sed</strong></span> 
     </span>
     <span class='ocr_line' id='line_1_23' title="bbox 180 1599 1759 1656; baseline 0.002 -14"><span class='ocrx_word' id='word_1_188' title='bbox 180 1599 231 1642; x_wconf 82' lang='lat' dir='ltr'><strong>de</strong></span> <span class='ocrx_word' id='word_1_189' title='bbox 252 1600 328 1642; x_wconf 82' lang='lat' dir='ltr'><strong>hac</strong></span> <span class='ocrx_word' id='word_1_190' title='bbox 352 1613 397 1642; x_wconf 89' lang='lat' dir='ltr'><strong>re</strong></span> <span class='ocrx_word' id='word_1_191' title='bbox 421 1607 576 1655; x_wconf 79' lang='lat' dir='ltr'><strong>postea3</strong></span> <span class='ocrx_word' id='word_1_192' title='bbox 610 1614 717 1643; x_wconf 91' lang='lat' dir='ltr'><strong>nunc</strong></span> <span class='ocrx_word' id='word_1_193' title='bbox 748 1603 920 1643; x_wconf 82' lang='lat' dir='ltr'><strong>sufficiat</strong></span> <span class='ocrx_word' id='word_1_194' title='bbox 945 1602 1177 1656; x_wconf 88' lang='lat' dir='ltr'><strong>praedicare</strong></span> <span class='ocrx_word' id='word_1_195' title='bbox 1203 1603 1310 1644; x_wconf 89' lang='lat' dir='ltr'><strong>hunc</strong></span> <span class='ocrx_word' id='word_1_196' title='bbox 1335 1603 1465 1645; x_wconf 90' lang='lat' dir='ltr'><strong>locum</strong></span> <span class='ocrx_word' id='word_1_197' title='bbox 1493 1605 1759 1645; x_wconf 89' lang='lat' dir='ltr'><strong>recentiorem</strong></span> 
     </span>
     <span class='ocr_line' id='line_1_24' title="bbox 177 1665 1759 1722; baseline 0.001 -14"><span class='ocrx_word' id='word_1_198' title='bbox 177 1677 270 1708; x_wconf 67' lang='lat' dir='ltr'><strong>esee</strong></span> <span class='ocrx_word' id='word_1_199' title='bbox 287 1667 398 1707; x_wconf 84' lang='lat' dir='ltr'><strong>exitu</strong></span> <span class='ocrx_word' id='word_1_200' title='bbox 416 1665 560 1720; x_wconf 84' lang='lat' dir='ltr'><strong>Oedipi</strong></span> <span class='ocrx_word' id='word_1_201' title='bbox 580 1668 699 1720; x_wconf 76' lang='lat' dir='ltr'><strong>regis,</strong></span> <span class='ocrx_word' id='word_1_202' title='bbox 723 1669 911 1721; x_wconf 91' lang='lat' dir='ltr'><strong>quoniam</strong></span> <span class='ocrx_word' id='word_1_203' title='bbox 938 1667 1034 1708; x_wconf 90' lang='lat' dir='ltr'><strong>dicti</strong></span> <span class='ocrx_word' id='word_1_204' title='bbox 1059 1681 1202 1710; x_wconf 85' lang='lat' dir='ltr'><strong>sensus</strong></span> <span class='ocrx_word' id='word_1_205' title='bbox 1220 1670 1262 1709; x_wconf 94' lang='lat' dir='ltr'><strong>in</strong></span> <span class='ocrx_word' id='word_1_206' title='bbox 1288 1669 1488 1710; x_wconf 90' lang='lat' dir='ltr'><strong>bominem</strong></span> <span class='ocrx_word' id='word_1_207' title='bbox 1514 1670 1759 1722; x_wconf 82' lang='lat' dir='ltr'><strong>singularem</strong></span> 
     </span>
     <span class='ocr_line' id='line_1_25' title="bbox 177 1729 1759 1791; baseline 0.003 -19"><span class='ocrx_word' id='word_1_208' title='bbox 177 1737 342 1786; x_wconf 75' lang='lat' dir='ltr'><strong>apparet</strong></span> <span class='ocrx_word' id='word_1_209' title='bbox 366 1732 598 1773; x_wconf 87' lang='lat' dir='ltr'><strong>translatus:</strong></span> <span class='ocrx_word' id='word_1_210' title='bbox 624 1732 730 1786; x_wconf 90' lang='lat' dir='ltr'><strong>quod</strong></span> <span class='ocrx_word' id='word_1_211' title='bbox 756 1732 945 1774; x_wconf 85' lang='lat' dir='ltr'><strong>dramatis</strong></span> <span class='ocrx_word' id='word_1_212' title='bbox 970 1735 1048 1774; x_wconf 89' lang='lat' dir='ltr'><strong>acti</strong></span> <span class='ocrx_word' id='word_1_213' title='bbox 1074 1729 1240 1789; x_wconf 91' lang='lat' dir='ltr'><strong>(nempe</strong></span> <span class='ocrx_word' id='word_1_214' title='bbox 1259 1734 1429 1787; x_wconf 82' lang='lat' dir='ltr'><strong>Tyronis</strong></span> <span class='ocrx_word' id='word_1_215' title='bbox 1447 1732 1632 1791; x_wconf 85' lang='lat' dir='ltr'><strong>alterius)</strong></span> <span class='ocrx_word' id='word_1_216' title='bbox 1658 1741 1759 1776; x_wconf 89' lang='lat' dir='ltr'><strong>tem-</strong></span> 
     </span>
     <span class='ocr_line' id='line_1_26' title="bbox 177 1795 1757 1856; baseline 0.003 -19"><span class='ocrx_word' id='word_1_217' title='bbox 177 1807 255 1851; x_wconf 80' lang='lat' dir='ltr'><strong>pus</strong></span> <span class='ocrx_word' id='word_1_218' title='bbox 278 1797 537 1839; x_wconf 80' lang='lat' dir='ltr'><strong>confirmatur</strong></span> <span class='ocrx_word' id='word_1_219' title='bbox 561 1797 756 1839; x_wconf 88' lang='lat' dir='ltr'><strong>allusione</strong></span> <span class='ocrx_word' id='word_1_220' title='bbox 780 1798 830 1839; x_wconf 90' lang='lat' dir='ltr'><strong>ab</strong></span> <span class='ocrx_word' id='word_1_221' title='bbox 849 1799 1111 1853; x_wconf 79' lang='lat' dir='ltr'><strong>Aristophane</strong></span> <span class='ocrx_word' id='word_1_222' title='bbox 1130 1801 1270 1840; x_wconf 79' lang='lat' dir='ltr'><strong>Avium</strong></span> <span class='ocrx_word' id='word_1_223' title='bbox 1291 1813 1324 1841; x_wconf 85' lang='lat' dir='ltr'><strong>v.</strong></span> <span class='ocrx_word' id='word_1_224' title='bbox 1345 1797 1433 1841; x_wconf 84' lang='lat'><strong>275</strong></span> <span class='ocrx_word' id='word_1_225' title='bbox 1453 1795 1575 1856; x_wconf 88' lang='lat' dir='ltr'><strong>(quae</strong></span> <span class='ocrx_word' id='word_1_226' title='bbox 1602 1814 1757 1842; x_wconf 86' lang='lat' dir='ltr'><strong>comoe-</strong></span> 
     </span>
     <span class='ocr_line' id='line_1_27' title="bbox 180 1860 1760 1922; baseline 0.003 -19"><span class='ocrx_word' id='word_1_227' title='bbox 180 1860 244 1903; x_wconf 83' lang='lat' dir='ltr'><strong>dia</strong></span> <span class='ocrx_word' id='word_1_228' title='bbox 286 1861 400 1903; x_wconf 84' lang='lat' dir='ltr'><strong>docta</strong></span> <span class='ocrx_word' id='word_1_229' title='bbox 437 1869 499 1903; x_wconf 85' lang='lat' dir='ltr'><strong>est</strong></span> <span class='ocrx_word' id='word_1_230' title='bbox 535 1876 568 1904; x_wconf 89' lang='lat' dir='ltr'><strong>a.</strong></span> <span class='ocrx_word' id='word_1_231' title='bbox 587 1860 698 1921; x_wconf 88' lang='lat'>414)</span> <span class='ocrx_word' id='word_1_232' title='bbox 736 1869 776 1905; x_wconf 88' lang='lat' dir='ltr'><strong>et</strong></span> <span class='ocrx_word' id='word_1_233' title='bbox 813 1863 1053 1918; x_wconf 76' lang='lat' dir='ltr'><strong>Lysistratae</strong></span> <span class='ocrx_word' id='word_1_234' title='bbox 1091 1861 1144 1920; x_wconf 88' lang='lat' dir='ltr'><strong>(a.</strong></span> <span class='ocrx_word' id='word_1_235' title='bbox 1163 1862 1272 1922; x_wconf 87' lang='lat'>410)</span> <span class='ocrx_word' id='word_1_236' title='bbox 1299 1879 1332 1906; x_wconf 82' lang='lat' dir='ltr'><strong>v,</strong></span> <span class='ocrx_word' id='word_1_237' title='bbox 1356 1864 1439 1907; x_wconf 89' lang='lat'><strong>138</strong></span> <span class='ocrx_word' id='word_1_238' title='bbox 1467 1867 1580 1907; x_wconf 84' lang='lat' dir='ltr'><strong>sacta.</strong></span> <span class='ocrx_word' id='word_1_239' title='bbox 1627 1879 1760 1920; x_wconf 89' lang='lat' dir='ltr'><strong>neque</strong></span> 
     </span>
     <span class='ocr_line' id='line_1_28' title="bbox 178 1928 1758 1985; baseline 0.004 -18"><span class='ocrx_word' id='word_1_240' title='bbox 178 1928 285 1968; x_wconf 87' lang='lat' dir='ltr'><strong>enim</strong></span> <span class='ocrx_word' id='word_1_241' title='bbox 311 1930 500 1981; x_wconf 84' lang='lat' dir='ltr'><strong>comicus,</strong></span> <span class='ocrx_word' id='word_1_242' title='bbox 530 1934 576 1969; x_wconf 91' lang='lat' dir='ltr'><strong>ut</strong></span> <span class='ocrx_word' id='word_1_243' title='bbox 600 1941 702 1982; x_wconf 84' lang='lat' dir='ltr'><strong>quae</strong></span> <span class='ocrx_word' id='word_1_244' title='bbox 726 1929 927 1983; x_wconf 76' lang='lat' dir='ltr'><strong>tragoedia</strong></span> <span class='ocrx_word' id='word_1_245' title='bbox 953 1936 1169 1983; x_wconf 88' lang='lat' dir='ltr'><strong>peteretur,</strong></span> <span class='ocrx_word' id='word_1_246' title='bbox 1195 1937 1439 1984; x_wconf 86' lang='lat' dir='ltr'><strong>spectatores</strong></span> <span class='ocrx_word' id='word_1_247' title='bbox 1465 1931 1758 1985; x_wconf 85' lang='lat' dir='ltr'><strong>intellegerent,</strong></span> 
     </span>
     <span class='ocr_line' id='line_1_29' title="bbox 178 1989 1240 2047; baseline 0.003 -13"><span class='ocrx_word' id='word_1_248' title='bbox 178 1993 381 2047; x_wconf 74' lang='lat' dir='ltr'><strong>respicere</strong></span> <span class='ocrx_word' id='word_1_249' title='bbox 407 1993 544 2035; x_wconf 89' lang='lat' dir='ltr'><strong>debuit</strong></span> <span class='ocrx_word' id='word_1_250' title='bbox 567 1995 609 2034; x_wconf 91' lang='lat' dir='ltr'><strong>in</strong></span> <span class='ocrx_word' id='word_1_251' title='bbox 634 1989 806 2036; x_wconf 88' lang='lat' dir='ltr'><strong>fabulam</strong></span> <span class='ocrx_word' id='word_1_252' title='bbox 833 1995 958 2036; x_wconf 88' lang='lat' dir='ltr'><strong>multo</strong></span> <span class='ocrx_word' id='word_1_253' title='bbox 984 2002 1074 2036; x_wconf 84' lang='lat' dir='ltr'><strong>ante</strong></span> <span class='ocrx_word' id='word_1_254' title='bbox 1101 2003 1240 2037; x_wconf 84' lang='lat' dir='ltr'><strong>actam.</strong></span> 
     </span>
    </p>
   </div>
   <div class='ocr_carea' id='block_1_4' title="bbox 173 2126 1757 2974">
    <p class='ocr_par' dir='ltr' id='par_1_7' title="bbox 174 2126 1757 2536">
     <span class='ocr_line' id='line_1_30' title="bbox 239 2126 1757 2178; baseline 0.003 -16"><span class='ocrx_word' id='word_1_255' title='bbox 239 2126 276 2172; x_wconf 87' lang='lat'><strong>1)</strong></span> <span class='ocrx_word' id='word_1_256' title='bbox 299 2136 421 2172; x_wconf 75' lang='lat' dir='ltr'><strong>noque</strong></span> <span class='ocrx_word' id='word_1_257' title='bbox 452 2127 589 2165; x_wconf 80' lang='lat' dir='ltr'><strong>Nelei</strong></span> <span class='ocrx_word' id='word_1_258' title='bbox 622 2128 870 2173; x_wconf 73' lang='lat' dir='ltr'><strong>veriloquium</strong></span> <span class='ocrx_word' id='word_1_259' title='bbox 902 2128 1028 2174; x_wconf 72' lang='lat' dir='ltr'><strong>(schol.</strong></span> <span class='ocrx_word' id='word_1_260' title='bbox 1056 2129 1095 2164; x_wconf 90' lang='lat' dir='ltr'><strong>Il.</strong></span> <span class='ocrx_word' id='word_1_261' title='bbox 1126 2132 1240 2178; x_wconf 61' lang='lat' dir='ltr'><strong>mnu:</strong></span> <span class='ocrx_word' id='word_1_262' title='bbox 1277 2130 1355 2166; x_wconf 70' lang='grc' dir='ltr'><strong>ἐπεὶ</strong></span> <span class='ocrx_word' id='word_1_263' title='bbox 1387 2131 1488 2166; x_wconf 69' lang='grc' dir='ltr'><strong>κύων</strong></span> <span class='ocrx_word' id='word_1_264' title='bbox 1520 2130 1757 2176; x_wconf 68' lang='grc' dir='ltr'><strong>κατηλέησεν)</strong></span> 
     </span>
     <span class='ocr_line' id='line_1_31' title="bbox 176 2180 1756 2229; baseline 0.003 -14"><span class='ocrx_word' id='word_1_265' title='bbox 176 2189 262 2216; x_wconf 71' lang='lat' dir='ltr'><strong>neo</strong></span> <span class='ocrx_word' id='word_1_266' title='bbox 281 2180 434 2225; x_wconf 78' lang='lat' dir='ltr'><strong>quidem</strong></span> <span class='ocrx_word' id='word_1_267' title='bbox 453 2181 593 2218; x_wconf 84' lang='lat' dir='ltr'><strong>iudicio</strong></span> <span class='ocrx_word' id='word_1_268' title='bbox 613 2182 725 2218; x_wconf 64' lang='lat' dir='ltr'><strong>aetati</strong></span> <span class='ocrx_word' id='word_1_269' title='bbox 745 2193 838 2218; x_wconf 75' lang='lat' dir='ltr'><strong>saec.</strong></span> <span class='ocrx_word' id='word_1_270' title='bbox 853 2182 897 2218; x_wconf 84' lang='lat' dir='ltr'><strong>V.</strong></span> <span class='ocrx_word' id='word_1_271' title='bbox 911 2182 1037 2218; x_wconf 80' lang='lat' dir='ltr'><strong>exiens</strong></span> <span class='ocrx_word' id='word_1_272' title='bbox 1056 2184 1286 2219; x_wconf 70' lang='lat' dir='ltr'><strong>antecedenti</strong></span> <span class='ocrx_word' id='word_1_273' title='bbox 1304 2186 1426 2229; x_wconf 79' lang='lat' dir='ltr'><strong>potest</strong></span> <span class='ocrx_word' id='word_1_274' title='bbox 1443 2184 1567 2220; x_wconf 82' lang='lat' dir='ltr'><strong>tribui.</strong></span> <span class='ocrx_word' id='word_1_275' title='bbox 1594 2187 1756 2220; x_wconf 80' lang='lat' dir='ltr'><strong>ceterum</strong></span> 
     </span>
     <span class='ocr_line' id='line_1_32' title="bbox 178 2232 1756 2284; baseline 0.003 -15"><span class='ocrx_word' id='word_1_276' title='bbox 178 2233 283 2279; x_wconf 75' lang='lat' dir='ltr'><strong>quod</strong></span> <span class='ocrx_word' id='word_1_277' title='bbox 306 2232 564 2271; x_wconf 73' lang='lat' dir='ltr'><strong>Weisenecker</strong></span> <span class='ocrx_word' id='word_1_278' title='bbox 587 2236 640 2281; x_wconf 89' lang='lat' dir='ltr'><strong>(in</strong></span> <span class='ocrx_word' id='word_1_279' title='bbox 666 2235 842 2271; x_wconf 79' lang='lat' dir='ltr'><strong>Roscheri</strong></span> <span class='ocrx_word' id='word_1_280' title='bbox 868 2236 939 2271; x_wconf 85' lang='lat' dir='ltr'><strong>lex.</strong></span> <span class='ocrx_word' id='word_1_281' title='bbox 956 2235 1073 2281; x_wconf 70' lang='lat' dir='ltr'><strong>myth.</strong></span> <span class='ocrx_word' id='word_1_282' title='bbox 1100 2236 1149 2271; x_wconf 89' lang='lat'><strong>111</strong></span> <span class='ocrx_word' id='word_1_283' title='bbox 1176 2239 1295 2284; x_wconf 73' lang='lat'><strong>107„)</strong></span> <span class='ocrx_word' id='word_1_284' title='bbox 1321 2238 1523 2273; x_wconf 71' lang='lat' dir='ltr'><strong>contendit:</strong></span> <span class='ocrx_word' id='word_1_285' title='bbox 1558 2238 1635 2273; x_wconf 85' lang='lat' dir='ltr'><strong>‘die</strong></span> <span class='ocrx_word' id='word_1_286' title='bbox 1660 2236 1756 2284; x_wconf 76' lang='lat' dir='ltr'><strong>Suge</strong></span> 
     </span>
     <span class='ocr_line' id='line_1_33' title="bbox 178 2286 1754 2336; baseline 0.003 -14"><span class='ocrx_word' id='word_1_287' title='bbox 178 2295 252 2322; x_wconf 75' lang='lat' dir='ltr'><strong>von</strong></span> <span class='ocrx_word' id='word_1_288' title='bbox 283 2286 357 2323; x_wconf 78' lang='lat' dir='ltr'><strong>den</strong></span> <span class='ocrx_word' id='word_1_289' title='bbox 386 2286 616 2324; x_wconf 65' lang='lat' dir='ltr'><strong>Umstlnden</strong></span> <span class='ocrx_word' id='word_1_290' title='bbox 647 2288 709 2324; x_wconf 83' lang='lat' dir='ltr'><strong>bei</strong></span> <span class='ocrx_word' id='word_1_291' title='bbox 742 2289 807 2324; x_wconf 86' lang='lat' dir='ltr'><strong>der</strong></span> <span class='ocrx_word' id='word_1_292' title='bbox 832 2288 1062 2335; x_wconf 77' lang='lat' dir='ltr'><strong>Auffindung</strong></span> <span class='ocrx_word' id='word_1_293' title='bbox 1095 2290 1161 2325; x_wconf 83' lang='lat' dir='ltr'><strong>der</strong></span> <span class='ocrx_word' id='word_1_294' title='bbox 1186 2290 1377 2336; x_wconf 70' lang='lat' dir='ltr'><strong>Zwillinge</strong></span> <span class='ocrx_word' id='word_1_295' title='bbox 1408 2303 1443 2325; x_wconf 93' lang='lat' dir='ltr'><strong>u.</strong></span> <span class='ocrx_word' id='word_1_296' title='bbox 1470 2302 1542 2327; x_wconf 83' lang='lat' dir='ltr'><strong>von</strong></span> <span class='ocrx_word' id='word_1_297' title='bbox 1567 2291 1667 2327; x_wconf 85' lang='lat' dir='ltr'><strong>ihrer</strong></span> <span class='ocrx_word' id='word_1_298' title='bbox 1690 2291 1754 2327; x_wconf 85' lang='lat' dir='ltr'><strong>Er·</strong></span> 
     </span>
     <span class='ocr_line' id='line_1_34' title="bbox 174 2338 1756 2391; baseline 0.003 -15"><span class='ocrx_word' id='word_1_299' title='bbox 174 2338 347 2386; x_wconf 71' lang='lat' dir='ltr'><strong>nlhmg</strong></span> <span class='ocrx_word' id='word_1_300' title='bbox 370 2341 487 2377; x_wconf 84' lang='lat' dir='ltr'><strong>durch</strong></span> <span class='ocrx_word' id='word_1_301' title='bbox 511 2341 594 2378; x_wconf 83' lang='lat' dir='ltr'><strong>eine</strong></span> <span class='ocrx_word' id='word_1_302' title='bbox 613 2342 696 2378; x_wconf 81' lang='lat' dir='ltr'><strong>Kuh</strong></span> <span class='ocrx_word' id='word_1_303' title='bbox 716 2343 761 2387; x_wconf 81' lang='lat'><strong>(?)</strong></span> <span class='ocrx_word' id='word_1_304' title='bbox 780 2354 815 2377; x_wconf 91' lang='lat' dir='ltr'><strong>u.</strong></span> <span class='ocrx_word' id='word_1_305' title='bbox 837 2342 987 2378; x_wconf 72' lang='lat' dir='ltr'><strong>Hflndin</strong></span> <span class='ocrx_word' id='word_1_306' title='bbox 1006 2342 1187 2378; x_wconf 71' lang='lat' dir='ltr'><strong>verdankt</strong></span> <span class='ocrx_word' id='word_1_307' title='bbox 1210 2343 1289 2379; x_wconf 84' lang='lat' dir='ltr'><strong>ihre</strong></span> <span class='ocrx_word' id='word_1_308' title='bbox 1308 2343 1539 2391; x_wconf 79' lang='lat' dir='ltr'><strong>Eutetehung</strong></span> <span class='ocrx_word' id='word_1_309' title='bbox 1561 2343 1756 2390; x_wconf 60' lang='lat' dir='ltr'><strong>judeus-11·</strong></span> 
     </span>
     <span class='ocr_line' id='line_1_35' title="bbox 176 2392 1753 2444; baseline 0.003 -15"><span class='ocrx_word' id='word_1_310' title='bbox 176 2392 263 2429; x_wconf 74' lang='lat' dir='ltr'><strong>dom</strong></span> <span class='ocrx_word' id='word_1_311' title='bbox 287 2392 483 2430; x_wconf 63' lang='lat' dir='ltr'><strong>Marini·</strong></span> <span class='ocrx_word' id='word_1_312' title='bbox 507 2395 567 2431; x_wconf 62' lang='grc' dir='ltr'><strong>ῆι·</strong></span> <span class='ocrx_word' id='word_1_313' title='bbox 590 2395 673 2431; x_wconf 87' lang='lat' dir='ltr'><strong>eine</strong></span> <span class='ocrx_word' id='word_1_314' title='bbox 698 2395 907 2442; x_wconf 78' lang='lat' dir='ltr'><strong>Erkliirnng</strong></span> <span class='ocrx_word' id='word_1_315' title='bbox 930 2396 1030 2432; x_wconf 80' lang='lat' dir='ltr'><strong>ihrer</strong></span> <span class='ocrx_word' id='word_1_316' title='bbox 1046 2395 1220 2439; x_wconf 71' lang='lat' dir='ltr'><strong>Numen‘,</strong></span> <span class='ocrx_word' id='word_1_317' title='bbox 1244 2407 1319 2432; x_wconf 90' lang='lat' dir='ltr'><strong>non</strong></span> <span class='ocrx_word' id='word_1_318' title='bbox 1345 2396 1531 2442; x_wconf 73' lang='lat' dir='ltr'><strong>intellego,</strong></span> <span class='ocrx_word' id='word_1_319' title='bbox 1556 2409 1621 2433; x_wconf 88' lang='lat' dir='ltr'><strong>cur</strong></span> <span class='ocrx_word' id='word_1_320' title='bbox 1643 2409 1753 2444; x_wconf 86' lang='lat' dir='ltr'><strong>prop-</strong></span> 
     </span>
     <span class='ocr_line' id='line_1_36' title="bbox 177 2446 1755 2497; baseline 0.003 -15"><span class='ocrx_word' id='word_1_321' title='bbox 177 2447 279 2482; x_wconf 60' lang='lat' dir='ltr'><strong>tau</strong></span> <span class='ocrx_word' id='word_1_322' title='bbox 301 2446 427 2483; x_wconf 72' lang='lat' dir='ltr'><strong>enni·</strong></span> <span class='ocrx_word' id='word_1_323' title='bbox 452 2448 502 2483; x_wconf 81' lang='lat' dir='ltr'><strong>eit</strong></span> <span class='ocrx_word' id='word_1_324' title='bbox 525 2448 675 2486; x_wconf 73' lang='lat' dir='ltr'><strong>invente</strong></span> <span class='ocrx_word' id='word_1_325' title='bbox 698 2450 747 2484; x_wconf 75' lang='lat' dir='ltr'><strong>ad</strong></span> <span class='ocrx_word' id='word_1_326' title='bbox 766 2448 952 2485; x_wconf 85' lang='lat' dir='ltr'><strong>Neleum</strong></span> <span class='ocrx_word' id='word_1_327' title='bbox 978 2449 1255 2495; x_wconf 72' lang='lat' dir='ltr'><strong>explicandum:</strong></span> <span class='ocrx_word' id='word_1_328' title='bbox 1282 2449 1374 2486; x_wconf 82' lang='lat' dir='ltr'><strong>haec</strong></span> <span class='ocrx_word' id='word_1_329' title='bbox 1391 2451 1662 2497; x_wconf 65' lang='lat' dir='ltr'><strong>argumentatio</strong></span> <span class='ocrx_word' id='word_1_330' title='bbox 1680 2462 1755 2487; x_wconf 87' lang='lat' dir='ltr'><strong>non</strong></span> 
     </span>
     <span class='ocr_line' id='line_1_37' title="bbox 175 2498 328 2536; baseline -0.007 0"><span class='ocrx_word' id='word_1_331' title='bbox 175 2498 328 2536; x_wconf 72' lang='lat' dir='ltr'><strong>suflicit!</strong></span> 
     </span>
    </p>

    <p class='ocr_par' dir='ltr' id='par_1_8' title="bbox 175 2553 1755 2654">
     <span class='ocr_line' id='line_1_38' title="bbox 236 2553 1755 2603; baseline 0.004 -14"><span class='ocrx_word' id='word_1_332' title='bbox 236 2554 273 2598; x_wconf 71' lang='grc' dir='ltr'><strong>Ι)</strong></span> <span class='ocrx_word' id='word_1_333' title='bbox 298 2553 387 2590; x_wconf 79' lang='lat' dir='ltr'><strong>item</strong></span> <span class='ocrx_word' id='word_1_334' title='bbox 418 2556 456 2590; x_wconf 84' lang='lat' dir='ltr'><strong>et</strong></span> <span class='ocrx_word' id='word_1_335' title='bbox 486 2553 601 2601; x_wconf 75' lang='lat' dir='ltr'><strong>Cyrus</strong></span> <span class='ocrx_word' id='word_1_336' title='bbox 633 2558 669 2591; x_wconf 86' lang='lat' dir='ltr'><strong>et</strong></span> <span class='ocrx_word' id='word_1_337' title='bbox 699 2555 837 2592; x_wconf 68' lang='lat' dir='ltr'><strong>Remu·</strong></span> <span class='ocrx_word' id='word_1_338' title='bbox 868 2557 916 2592; x_wconf 75' lang='lat' dir='ltr'><strong>ed</strong></span> <span class='ocrx_word' id='word_1_339' title='bbox 953 2556 1149 2603; x_wconf 67' lang='lat' dir='ltr'><strong>superbiae</strong></span> <span class='ocrx_word' id='word_1_340' title='bbox 1185 2567 1323 2603; x_wconf 77' lang='lat' dir='ltr'><strong>poenas</strong></span> <span class='ocrx_word' id='word_1_341' title='bbox 1361 2557 1554 2594; x_wconf 75' lang='lat' dir='ltr'><strong>solvendus</strong></span> <span class='ocrx_word' id='word_1_342' title='bbox 1590 2559 1755 2595; x_wconf 67' lang='lat' dir='ltr'><strong>uceeeiti</strong></span> 
     </span>
     <span class='ocr_line' id='line_1_39' title="bbox 175 2608 606 2654; baseline 0.002 -11"><span class='ocrx_word' id='word_1_343' title='bbox 175 2610 427 2654; x_wconf 68' lang='lat' dir='ltr'><strong>agno-ennem-</strong></span> <span class='ocrx_word' id='word_1_344' title='bbox 451 2608 498 2644; x_wconf 67' lang='grc' dir='ltr'><strong>αἱ)</strong></span> <span class='ocrx_word' id='word_1_345' title='bbox 526 2619 606 2645; x_wconf 73' lang='lat' dir='ltr'><strong>nvo.</strong></span> 
     </span>
    </p>

    <p class='ocr_par' dir='ltr' id='par_1_9' title="bbox 173 2661 1755 2974">
     <span class='ocr_line' id='line_1_40' title="bbox 234 2661 1754 2711; baseline 0.003 -15"><span class='ocrx_word' id='word_1_346' title='bbox 234 2662 272 2705; x_wconf 71' lang='grc' dir='ltr'><strong>Ι)</strong></span> <span class='ocrx_word' id='word_1_347' title='bbox 295 2661 421 2697; x_wconf 74' lang='lat' dir='ltr'><strong>nescio</strong></span> <span class='ocrx_word' id='word_1_348' title='bbox 439 2672 486 2697; x_wconf 76' lang='lat' dir='ltr'><strong>an</strong></span> <span class='ocrx_word' id='word_1_349' title='bbox 511 2662 669 2698; x_wconf 64' lang='lat' dir='ltr'><strong>alicuine</strong></span> <span class='ocrx_word' id='word_1_350' title='bbox 694 2663 871 2699; x_wconf 85' lang='lat' dir='ltr'><strong>momenti</strong></span> <span class='ocrx_word' id='word_1_351' title='bbox 898 2663 957 2707; x_wconf 67' lang='lat' dir='ltr'><strong>eit..</strong></span> <span class='ocrx_word' id='word_1_352' title='bbox 982 2664 1082 2709; x_wconf 87' lang='lat' dir='ltr'><strong>qnod</strong></span> <span class='ocrx_word' id='word_1_353' title='bbox 1109 2666 1150 2700; x_wconf 76' lang='lat' dir='ltr'><strong>ut</strong></span> <span class='ocrx_word' id='word_1_354' title='bbox 1167 2663 1263 2709; x_wconf 72' lang='lat' dir='ltr'><strong>Tyro</strong></span> <span class='ocrx_word' id='word_1_355' title='bbox 1289 2665 1327 2700; x_wconf 90' lang='lat' dir='ltr'><strong>in</strong></span> <span class='ocrx_word' id='word_1_356' title='bbox 1353 2664 1467 2700; x_wconf 68' lang='lat' dir='ltr'><strong>alters</strong></span> <span class='ocrx_word' id='word_1_357' title='bbox 1486 2665 1584 2701; x_wconf 72' lang='lat' dir='ltr'><strong>sums</strong></span> <span class='ocrx_word' id='word_1_358' title='bbox 1603 2665 1650 2701; x_wconf 71' lang='lat' dir='ltr'><strong>ab</strong></span> <span class='ocrx_word' id='word_1_359' title='bbox 1670 2666 1754 2711; x_wconf 74' lang='lat' dir='ltr'><strong>ipso</strong></span> 
     </span>
     <span class='ocr_line' id='line_1_41' title="bbox 175 2712 1752 2765; baseline 0.003 -15"><span class='ocrx_word' id='word_1_360' title='bbox 175 2712 350 2760; x_wconf 71' lang='lat' dir='ltr'><strong>Neptuno</strong></span> <span class='ocrx_word' id='word_1_361' title='bbox 374 2714 523 2761; x_wconf 79' lang='lat' dir='ltr'><strong>(Enipei</strong></span> <span class='ocrx_word' id='word_1_362' title='bbox 550 2716 720 2762; x_wconf 77' lang='lat' dir='ltr'><strong>aemulo),</strong></span> <span class='ocrx_word' id='word_1_363' title='bbox 745 2717 860 2753; x_wconf 71' lang='lat' dir='ltr'><strong>ultera.</strong></span> <span class='ocrx_word' id='word_1_364' title='bbox 885 2728 908 2753; x_wconf 76' lang='lat' dir='ltr'><strong>e</strong></span> <span class='ocrx_word' id='word_1_365' title='bbox 932 2718 1091 2764; x_wconf 73' lang='lat' dir='ltr'><strong>Sisypho</strong></span> <span class='ocrx_word' id='word_1_366' title='bbox 1115 2719 1285 2765; x_wconf 75' lang='lat' dir='ltr'><strong>geminos</strong></span> <span class='ocrx_word' id='word_1_367' title='bbox 1310 2718 1419 2765; x_wconf 68' lang='lat' dir='ltr'><strong>parit,</strong></span> <span class='ocrx_word' id='word_1_368' title='bbox 1445 2719 1497 2754; x_wconf 68' lang='lat' dir='ltr'><strong>itu</strong></span> <span class='ocrx_word' id='word_1_369' title='bbox 1523 2718 1628 2755; x_wconf 75' lang='lat' dir='ltr'><strong>Iliam</strong></span> <span class='ocrx_word' id='word_1_370' title='bbox 1654 2730 1752 2755; x_wconf 88' lang='lat' dir='ltr'><strong>com-</strong></span> 
     </span>
     <span class='ocr_line' id='line_1_42' title="bbox 173 2766 1752 2817; baseline 0.004 -15"><span class='ocrx_word' id='word_1_371' title='bbox 173 2766 304 2814; x_wconf 72' lang='lat' dir='ltr'><strong>primit</strong></span> <span class='ocrx_word' id='word_1_372' title='bbox 320 2769 431 2804; x_wconf 81' lang='lat' dir='ltr'><strong>modo</strong></span> <span class='ocrx_word' id='word_1_373' title='bbox 445 2769 542 2805; x_wconf 64' lang='lat' dir='ltr'><strong>Mure</strong></span> <span class='ocrx_word' id='word_1_374' title='bbox 561 2770 643 2816; x_wconf 73' lang='lat' dir='ltr'><strong>ipae</strong></span> <span class='ocrx_word' id='word_1_375' title='bbox 661 2771 772 2807; x_wconf 85' lang='lat' dir='ltr'><strong>modo</strong></span> <span class='ocrx_word' id='word_1_376' title='bbox 786 2771 956 2807; x_wconf 70' lang='lat' dir='ltr'><strong>Amulius</strong></span> <span class='ocrx_word' id='word_1_377' title='bbox 969 2771 1095 2808; x_wconf 64' lang='lat' dir='ltr'><strong>Martie</strong></span> <span class='ocrx_word' id='word_1_378' title='bbox 1115 2782 1273 2817; x_wconf 71' lang='lat' dir='ltr'><strong>persona</strong></span> <span class='ocrx_word' id='word_1_379' title='bbox 1290 2772 1439 2807; x_wconf 70' lang='lat' dir='ltr'><strong>abditu·</strong></span> <span class='ocrx_word' id='word_1_380' title='bbox 1453 2772 1576 2817; x_wconf 86' lang='lat' dir='ltr'><strong>(Dion.</strong></span> <span class='ocrx_word' id='word_1_381' title='bbox 1588 2772 1669 2808; x_wconf 67' lang='lat'>1121.</span> <span class='ocrx_word' id='word_1_382' title='bbox 1682 2772 1752 2809; x_wconf 75' lang='lat'><strong>17⁶1</strong></span> 
     </span>
     <span class='ocr_line' id='line_1_43' title="bbox 175 2819 1755 2872; baseline 0.004 -16"><span class='ocrx_word' id='word_1_383' title='bbox 175 2822 214 2857; x_wconf 82' lang='lat' dir='ltr'><strong>et</strong></span> <span class='ocrx_word' id='word_1_384' title='bbox 237 2819 333 2857; x_wconf 66' lang='lat' dir='ltr'><strong>Plut-</strong></span> <span class='ocrx_word' id='word_1_385' title='bbox 351 2821 457 2858; x_wconf 83' lang='lat' dir='ltr'><strong>Rom.</strong></span> <span class='ocrx_word' id='word_1_386' title='bbox 477 2825 530 2869; x_wconf 76' lang='lat'><strong>⁴):</strong></span> <span class='ocrx_word' id='word_1_387' title='bbox 557 2823 596 2859; x_wconf 88' lang='lat' dir='ltr'><strong>id</strong></span> <span class='ocrx_word' id='word_1_388' title='bbox 616 2827 711 2861; x_wconf 80' lang='lat' dir='ltr'><strong>certe</strong></span> <span class='ocrx_word' id='word_1_389' title='bbox 736 2825 984 2871; x_wconf 80' lang='lat' dir='ltr'><strong>supplendum</strong></span> <span class='ocrx_word' id='word_1_390' title='bbox 1010 2827 1067 2861; x_wconf 65' lang='lat' dir='ltr'><strong>eet</strong></span> <span class='ocrx_word' id='word_1_391' title='bbox 1083 2825 1178 2861; x_wconf 87' lang='lat' dir='ltr'><strong>libro</strong></span> <span class='ocrx_word' id='word_1_392' title='bbox 1198 2836 1221 2861; x_wconf 72' lang='grc' dir='ltr'>ι</span> <span class='ocrx_word' id='word_1_393' title='bbox 1238 2825 1448 2862; x_wconf 82' lang='lat' dir='ltr'><strong>Weinreich</strong></span> <span class='ocrx_word' id='word_1_394' title='bbox 1474 2826 1680 2872; x_wconf 80' lang='lat' dir='ltr'><strong>conscripto</strong></span> <span class='ocrx_word' id='word_1_395' title='bbox 1706 2826 1755 2863; x_wconf 83' lang='lat' dir='ltr'><strong>de</strong></span> 
     </span>
     <span class='ocr_line' id='line_1_44' title="bbox 176 2874 1751 2925; baseline 0.004 -15"><span class='ocrx_word' id='word_1_396' title='bbox 176 2874 306 2911; x_wconf 68' lang='lat' dir='ltr'><strong>stende</strong></span> <span class='ocrx_word' id='word_1_397' title='bbox 328 2874 531 2913; x_wconf 64' lang='lat' dir='ltr'><strong>Nectanebi</strong></span> <span class='ocrx_word' id='word_1_398' title='bbox 560 2882 663 2922; x_wconf 75' lang='lat'><strong>1911,</strong></span> <span class='ocrx_word' id='word_1_399' title='bbox 697 2879 797 2924; x_wconf 90' lang='lat' dir='ltr'><strong>quod</strong></span> <span class='ocrx_word' id='word_1_400' title='bbox 832 2881 1090 2925; x_wconf 72' lang='lat' dir='ltr'><strong>argumentum</strong></span> <span class='ocrx_word' id='word_1_401' title='bbox 1116 2879 1268 2915; x_wconf 65' lang='lat' dir='ltr'><strong>fortan-e</strong></span> <span class='ocrx_word' id='word_1_402' title='bbox 1293 2879 1437 2924; x_wconf 61' lang='lat' dir='ltr'><strong>aliquid</strong></span> <span class='ocrx_word' id='word_1_403' title='bbox 1464 2879 1562 2915; x_wconf 72' lang='lat' dir='ltr'><strong>valet</strong></span> <span class='ocrx_word' id='word_1_404' title='bbox 1585 2880 1634 2916; x_wconf 70' lang='lat' dir='ltr'><strong>ed</strong></span> <span class='ocrx_word' id='word_1_405' title='bbox 1659 2883 1751 2917; x_wconf 79' lang='lat' dir='ltr'><strong>tem-</strong></span> 
     </span>
     <span class='ocr_line' id='line_1_45' title="bbox 175 2929 801 2974; baseline 0.008 -11"><span class='ocrx_word' id='word_1_406' title='bbox 175 2938 307 2974; x_wconf 81' lang='lat' dir='ltr'><strong>porum</strong></span> <span class='ocrx_word' id='word_1_407' title='bbox 332 2929 491 2966; x_wconf 64' lang='lat' dir='ltr'><strong>ratione·</strong></span> <span class='ocrx_word' id='word_1_408' title='bbox 516 2931 801 2969; x_wconf 69' lang='lat' dir='ltr'><strong>constituenda.</strong></span> 
     </span>
    </p>
   </div>
  </div>
 </body>
</html>
