2106 3320
871 160 1199 203 —107—

238 296 319 340 μ
341 283 480 337 lngus
505 285 667 337 imperii
692 282 831 325 avidus
857 283 1034 334 tratrem,
1059 283 1130 335 qui
1154 281 1374 322 Smerdem'
1389 286 1575 322 necatum
1600 282 1708 333 regis
1733 293 1822 333 ger·

238 361 402 393 nanum
418 356 477 390 ω’
495 342 590 390 εεὲέ
611 348 784 400 simulet,
809 354 854 389 ut
873 360 1007 389 rerum
1034 349 1220 401 potiatur,
1246 346 1431 400 impellit:
1463 345 1688 387 simillimae
1715 348 1820 387 enim

237 414 495 457 condiciones
521 416 749 468 suppositae
775 420 869 455 sunt
880 414 972 454 huic
992 413 1088 454 Oed.
1102 413 1197 466 Reg.
1211 412 1310 453 loco.
1329 424 1500 465 namque
1525 411 1704 465 Oedipus
1729 425 1822 453 con·

237 482 433 523 tut-avim
464 482 572 521 inter
596 493 639 521 se
664 482 893 533 suspicatur
917 479 1130 520 Creontem
1157 484 1197 520 et
1221 478 1416 519 Tiresiam
1449 477 1498 518 ad
1523 490 1658 530 regem
1685 490 1707 518 e
1734 478 1821 518 flui-

236 546 316 589 lns
338 545 633 600 expellendum,
657 551 702 586 ut
727 547 803 599 ipsi
824 557 992 598 regnum
1006 549 1260 598 occuparent.
1286 556 1525 597 quamquam
1542 556 1703 584 causam
1717 556 1822 597 pono

237 623 319 654 non
341 613 410 665 ita,
434 613 517 653 utsi
542 611 759 665 Sophocles
785 616 907 651 totam
933 623 1116 651 scaenam
1142 611 1360 662 sumpserit
1384 622 1431 649 ex
1458 608 1552 649 Hdti
1576 610 1823 662 narratione3

236 679 374 733 potins
397 690 483 719 rem
510 678 766 731 exposuerim
790 677 867 717 boc
892 676 1010 717 modo
1036 678 1077 716 in
1099 675 1307 729 Sophoclis
1333 674 1463 715 sabula
1489 680 1679 715 exornata
1704 675 1822 716 effec-

237 750 332 786 tam:
364 742 543 797 Oedipus
567 744 636 796 qui
668 743 817 783 nullius
842 742 980 795 culpae
1006 742 1084 782 sibi
1115 742 1301 782 conscius
1331 746 1404 792 est,
1435 753 1505 781 eos
1536 741 1606 793 qui
1637 740 1822 781 omnibus

240 809 478 851 criminibus
496 811 628 863 ipsum
649 808 830 861 obruant,
853 809 955 849 hanc
976 807 1168 860 fraudem,
1189 813 1234 847 ut
1253 808 1330 859 ipsi
1356 812 1559 857 nocerent,
1578 807 1823 858 excogitasse

237 874 316 917 sibi
345 874 578 929 persuadet3
609 874 867 928 opprobrium
888 875 1096 914 enuntiant
1116 872 1371 913 salsissimum
1390 873 1644 925 pessimeque
1669 872 1820 913 lictum.

237 953 284 982 ac
306 941 483 995 primum
508 940 670 994 quidem
695 940 804 980 solus
823 939 999 980 Tiresias
1025 940 1110 992 regi
1135 943 1300 992 apparet
1331 937 1379 978 ad
1412 937 1628 978 fallendum
1648 939 1821 978 instruc·

238 1011 305 1048 tus
315 1005 367 1048 ob
381 1005 644 1047 contumelias
657 1005 828 1046 obscure
843 1002 1019 1060 dictas.¹)
1037 1004 1108 1045 sed
1118 1004 1187 1045 ubi
1206 1011 1315 1045 vates
1330 1003 1563 1044 exclamavit
1581 1001 1635 1058 (v.
1649 1001 1738 1044 376
1751 999 1820 1058 s.):

237 1069 294 1115 οὗ
316 1069 403 1126 γάρ
429 1080 479 1113 σε
503 1076 638 1126 μοῖρα
662 1070 772 1125 πρός
798 1069 842 1124 γ’
869 1069 978 1124 ἐμαῦ
1005 1074 1169 1122 πεσεῖν,
1196 1067 1289 1111 ἐπεὶ
1323 1068 1475 1118 ἱκανὸς
1504 1066 1726 1110 Ἀπόλλων
1751 1092 1821 1122 —‚

237 1143 403 1192 repente
437 1139 546 1190 regis
580 1139 757 1177 animum
792 1136 900 1177 subit
933 1137 1119 1188 cogitatio
1156 1135 1326 1176 alterum
1362 1148 1468 1187 esse,
1502 1136 1618 1175 cuius
1652 1147 1819 1188 regnum

236 1202 416 1245 subverti
450 1204 621 1255 intersit,
656 1202 886 1243 Creontem:
931 1214 1063 1242 nonne
1099 1203 1133 1241 is
1168 1206 1290 1241 totam
1326 1213 1411 1241 rem
1445 1200 1608 1240 molitus
1643 1206 1716 1253 est,
1751 1203 1821 1254 qui

234 1268 428 1323 Apollinis
453 1280 690 1322 responsum
717 1268 848 1308 attulit
873 1274 913 1308 et
937 1273 1066 1307 vatem
1092 1267 1375 1307 arcessendum
1408 1267 1561 1306 curavit
1597 1262 1650 1321 (v,
1677 1263 1820 1322 288)?

235 1336 370 1388 itaque
401 1334 530 1375 Creon
562 1339 602 1374 et
632 1333 820 1386 Tiresias,
858 1346 948 1374 cum
986 1339 1157 1386 uterque
1195 1332 1302 1373 idem
1337 1333 1560 1372 convicium
1596 1333 1817 1384 enuntient,

235 1401 466 1441 societatem
493 1401 658 1440 inierint
682 1412 848 1440 necesse
874 1405 947 1439 est.
973 1398 1070 1452 quid
1089 1411 1183 1439 vero
1210 1397 1318 1439 aliud
1343 1403 1485 1451 petunt
1510 1399 1589 1437 nisi
1614 1403 1658 1438 ut
1685 1410 1818 1450 regem

234 1465 482 1519 turpitudine
515 1465 701 1506 obrutum
728 1466 896 1518 imperio
923 1464 1133 1518 expellant,
1159 1465 1372 1517 imperium
1393 1465 1472 1516 ipsi
1492 1463 1568 1503 sibi
1588 1461 1820 1504 vindicent?

233 1543 359 1585 qnare
390 1538 506 1585 poeta
537 1532 682 1572 invasit
713 1532 755 1571 in
794 1530 1049 1571 condiciones
1087 1529 1278 1582 Smerdis,
1303 1530 1373 1582 qui
1412 1542 1455 1569 se
1500 1528 1723 1582 simulabat,
1761 1530 1818 1569 sa-

234 1596 327 1639 bula
363 1596 525 1638 oblatas.
562 1599 596 1637 is
631 1598 739 1637 enim
775 1598 843 1650 qui
878 1597 964 1649 regi
998 1597 1204 1649 proximus
1240 1592 1507 1649 (μελεδωνὸς
1541 1600 1631 1635 τῶν
1663 1593 1820 1636 οἰκίων

235 1660 380 1718 11161)
405 1675 601 1704 summam
622 1662 742 1703 fidem
763 1661 881 1703 debet
898 1668 1115 1715 praestare,
1140 1674 1331 1702 novarum
1353 1673 1488 1701 rerum
1507 1659 1711 1701 studiosus
1731 1662 1817 1713 ipse

235 1740 403 1782 regnum
429 1730 591 1782 appetit.
623 1727 728 1781 quod
759 1734 804 1768 ut
829 1729 1024 1780 conficiat,
1049 1733 1163 1780 parat
1187 1726 1422 1778 adiutorem,
1447 1727 1517 1779 qui
1542 1726 1658 1778 vulgo
1685 1725 1818 1766 dolum

234 1795 418 1847 contigat.
445 1795 480 1835 is
505 1799 566 1835 est
591 1793 658 1834 ille
684 1792 855 1847 Μάγος.

295 1859 400 1913 Ergo
432 1861 607 1913 tragicus
639 1861 825 1913 repetivit
857 1859 975 1900 huius
1008 1858 1160 1899 fabulae
1191 1859 1443 1911 memoriam3
1488 1863 1528 1898 et
1559 1858 1741 1910 inseruit,
1773 1864 1819 1898 ut

235 1924 540 1967 similitudinem
574 1926 838 1978 significaret,
871 1938 990 1966 unam
1030 1926 1148 1965 istam
1186 1937 1341 1975 vocem,
1379 1936 1456 1977 qua
1494 1923 1669 1964 vinclum
1708 1925 1819 1964 nexit

234 1993 377 2045 peritis
402 1993 500 2032 satis
524 1991 719 2032 lucidum:
745 1996 855 2031 vates
879 2003 974 2031 sane
995 1990 1222 2030 simillimus
1242 1995 1303 2030 est
1321 1989 1429 2030 illius
1449 1989 1572 2042 Magi3
1599 1995 1639 2029 et
1660 1987 1819 2042 Μάγος

235 2056 313 2098 sibi
344 2056 429 2098 vult
459 2069 651 2109 augurem
685 2056 994 2108 fallacissimum,
1029 2058 1098 2109 qui
1130 2068 1297 2096 munere
1329 2068 1402 2095 suo
1428 2056 1469 2094 in
1497 2054 1684 2095 damnum
1712 2056 1818 2106 regis

234 2123 288 2164 sit
312 2122 472 2164 abusus.
482 2119 517 2177 ¹)

293 2186 346 2229 Ut
371 2194 502 2230 antem
523 2188 624 2241 Magi
652 2201 797 2228 nomen
817 2190 859 2228 in
885 2194 1034 2228 tantam
1061 2187 1376 2240 despicientiam,
1403 2192 1548 2239 quanta
1575 2199 1595 2226 a
1623 2185 1816 2239 Sophocle

240 2253 452 2296 adhibetur
466 2253 648 2309 (Μάγος
667 2252 844 2295 τοιόσδε
864 2251 1210 2307 μηχανορράφος
1230 2248 1396 2306 v.387),
1417 2251 1680 2303 delaberetur,
1700 2252 1818 2292 etl‘ec·

234 2325 322 2361 tum
347 2326 409 2361 est
434 2320 499 2361 illa
526 2320 656 2361 rabula
676 2319 822 2360 Hdtea:
848 2320 1000 2372 posteri
1025 2318 1099 2358 hoc
1126 2320 1270 2358 itinere
1294 2319 1496 2370 progressi
1523 2313 1672 2371 sunt.⁸)
1722 2329 1817 2370 ergo

302 2444 336 2486 1)
361 2441 401 2477 id
426 2445 685 2488 argumentum
710 2444 767 2477 est
791 2441 1047 2476 Homericum:
1075 2439 1127 2474 sic
1152 2440 1383 2484 Agamemno
1418 2438 1610 2474 insimulat
1640 2438 1815 2474 Calchan-

234 2500 323 2537 tem,
349 2495 449 2540 quod
474 2495 522 2531 sd
548 2496 666 2541 ipsius
691 2506 886 2541 personam
912 2493 1171 2529 offendendam
1197 2495 1309 2537 atque
1329 2492 1622 2527 imminuendam
1648 2493 1814 2528 enuntia.-

235 2548 329 2585 verit
346 2549 501 2585 adversa.
525 2549 579 2594 (n.
601 2550 632 2584 A
654 2552 721 2585 105
736 2551 810 2594 ss).

295 2604 331 2648 2)
357 2602 468 2639 etim
506 2602 544 2637 in
579 2613 622 2639 eo
659 2606 814 2647 utraque
848 2602 974 2637 fabula
1009 2601 1201 2643 consentit,
1235 2600 1336 2645 quod
1371 2599 1537 2644 Oedipus
1581 2599 1817 2635 insimulatur

235 2656 370 2699 medio,
396 2655 595 2701 Cambysen
620 2656 693 2692 sibi
719 2657 886 2691 conscius
913 2658 968 2690 est
993 2655 1113 2690 fratris
1138 2654 1274 2690 necati:
1307 2654 1436 2688 caedes
1462 2654 1662 2689 advocatur
1685 2653 1733 2688 ad
1759 2664 1816 2688 res

237 2710 437 2745 novandas.
472 2711 599 2746 contra
635 2710 736 2755 quod
768 2709 932 2754 Oedipus
958 2708 1139 2743 Tiresiam
1172 2708 1380 2753 suspicatur
1410 2718 1433 2742 a
1470 2706 1623 2742 Creonte
1658 2707 1817 2752 pecunia

235 2774 315 2799 eene
340 2766 552 2809 corruptum
570 2765 619 2810 (v.
633 2766 715 2806 388,
729 2764 773 2798 cf.
789 2766 884 2808 380),
913 2762 952 2797 id
972 2762 1126 2798 debetur
1144 2763 1362 2805 argumento
1382 2761 1590 2806 Antigonae
1603 2760 1815 2808 tragoediae

235 2820 281 2862 (v.
309 2820 378 2852 294
404 2827 452 2852 ιο.
477 2820 559 2860 822.
587 2820 696 2853 10⁶5:
723 2817 764 2852 τὸ
791 2816 972 2862 μαντικὸν
992 2815 1062 2862 γὰρ
1089 2821 1167 2851 πᾶν
1187 2814 1418 2860 φιλάργυρον
1438 2813 1568 2860 γένος).

295 2872 331 2916 8)
355 2870 546 2916 proximu·
571 2872 650 2907 erat
673 2870 882 2915 Euripides,
907 2869 972 2914 qui
999 2880 1082 2904 cum
1102 2868 1242 2904 Helena
1260 2868 1383 2903 subito
1409 2879 1428 2903 e
1448 2870 1645 2913 conspectu
1671 2868 1817 2904 sublata

235 2927 341 2967 esset,
367 2934 513 2959 servum
538 2923 742 2970 Phrygium
767 2924 854 2959 fecit
879 2923 1145 2959 deliberantem
1171 2922 1304 2970 [Oi-eet.
1331 2925 1378 2967 (s,
1399 2924 1482 2967 409)
1511 2922 1636 2969 usq:
1663 2920 1686 2956 ἃ
1713 2920 1751 2957 δ’
1775 2921 1814 2958 ἐκ
