2106 3320
805 146 1103 191 -59-

161 278 302 326 nanta
320 265 575 326 'inspicimns‚
599 276 809 323 utramque
836 271 879 311 ni
903 268 1017 311 fallor
1042 267 1196 310 fabulae
1217 268 1383 309 formam
1402 256 1615 321 possumus
1633 277 1741 308 com·

164 337 355 396 probare3
379 349 579 379 summum
605 338 797 378 momenti
817 348 921 389 pono
941 337 982 376 in
1002 336 1075 388 srg.
1095 331 1201 375 591:
1225 332 1523 388 καρπομανής,
1547 343 1649 386 quae
1667 344 1741 373 vox

163 404 355 448 insitas
379 402 428 444 ab
453 402 585 456 aliquo
606 403 865 456 grammatico
875 398 907 453 ¹)
933 402 986 442 ita
1006 401 1184 454 exposita
1205 405 1266 440 est
1285 397 1410 453 (apud
1429 397 1596 451 Hesych.
1616 410 1647 439 s.
1668 394 1741 452 v.):

165 466 214 520 ἐς
234 468 374 524 κόρον
397 464 697 522 ε’ξυβρίζουσα.
733 479 835 520 quae
861 467 991 519 glossa
1017 465 1144 506 adhuc
1170 463 1370 506 intellecta
1395 469 1458 504 est
1483 462 1553 504 ‘im
1578 462 1742 504 Unmai's

165 532 423 587 obmutig’.
449 539 585 575 contra
606 532 691 574 Max
713 531 998 583 Schneider,
1023 532 1093 585 qui
1111 532 1243 572 omnia
1262 529 1455 571 adiectiva
1475 531 1516 571 in
1537 551 1582 558 —
1601 542 1743 582 μανης

164 601 352 642 exeuntis
365 595 575 654 collegit,²)
591 598 722 639 reddit
734 594 792 653 (p.
805 595 928 652 125):
946 596 1247 652 “καρπομανής
1267 595 1444 649 cigent1.:
1463 596 1536 635 mit
1543 594 1743 635 Frfichten

165 664 323 719 rasead,
348 663 471 706 dann:
505 664 649 705 rasend
674 663 753 705 voll
779 675 854 704 von
881 661 1119 716 Fruchten'3
1149 674 1279 715 neque
1305 673 1399 702 vero
1425 673 1516 701 cum
1540 660 1615 701 hac
1640 661 1742 701 noti·

163 742 243 773 oue
261 731 518 772 consentiunt
537 729 656 771 verba
677 729 925 771 scholiastae.
946 741 992 770 ea
1012 734 1143 770 autem
1163 733 1316 768 tantum
1334 727 1623 779 interpretatio,
1642 737 1742 779 quae

164 801 257 851 apta
282 801 345 839 est
368 795 418 837 ad
438 797 640 837 notionem
660 801 883 849 utramque,
909 794 1110 848 probatur.
1144 795 1277 846 itaque
1298 805 1383 833 rem
1403 791 1519 832 aliter
1538 790 1742 844 intellego:

165 860 300 915 κόρος
329 861 408 903 sihi
433 861 515 903 vult
540 874 618 902 non
644 863 939 913 satietatem,
971 859 1042 901 sed
1067 859 1269 913 prolem,
1300 857 1406 911 quod
1431 857 1623 911 probatur
1647 869 1743 898 voce

165 923 531 982 anaxamenis-P)
569 928 846 980 cognoscimus
870 927 993 979 igitur
1016 925 1226 966 mulierem
1253 923 1424 977 aliquam
1452 928 1562 964 atrox
1589 923 1743 964 facinus

165 989 463 1049 commisisse⁴)
495 994 537 1033 in
570 1005 682 1033 suam
714 991 883 1046 prolem:
915 1003 1016 1045 quae
1048 1003 1113 1031 res
1138 988 1306 1043 quadrat
1331 988 1453 1029 solam
1479 990 1520 1029 in
1544 987 1742 1042 Tyronem

166 1069 263 1099 suos
293 1059 473 1111 geminos
505 1065 712 1099 necantem
745 1058 900 1098 insania
931 1056 1140 1111 pellectam
1172 1049 1418 1110 (-μανής).“)
1464 1059 1504 1095 ct
1533 1052 1637 1107 apud
1667 1053 1743 1095 He·

166 1123 349 1176 sychium
379 1123 557 1165 additur:
590 1124 829 1176 Σοφοκλῆς
858 1122 1065 1175 τυριλαω,
1096 1120 1203 1174 quod
1235 1119 1371 1161 Nauck
1403 1132 1476 1160 suo
1508 1120 1596 1160 iure
1626 1119 1743 1160 intel-

166 1189 282 1231 texit:
318 1189 461 1243 prot
488 1185 541 1229 α’.
568 1200 644 1241 qua
671 1189 729 1228 via
755 1187 885 1240 Tyrus
904 1188 1050 1241 prioris
1075 1191 1353 1239 argumentum
1378 1186 1638 1225 constitutum
1665 1190 1743 1225 est:

166 1254 300 1296 fabula
318 1253 368 1296 ah
386 1254 540 1308 Hygino
559 1259 717 1294 narrata
737 1258 799 1293 est
816 1258 1017 1306 usurpata.
1043 1251 1241 1305 extemplo
1261 1252 1379 1291 etiam
1400 1250 1473 1302 t'rg.
1488 1247 1575 1290 589
1600 1249 1743 1303 θεανὴ

166 1318 302 1369 νόσος
331 1316 425 1376 (pro
450 1318 563 1360 codd.
589 1315 756 1374 νῆσος)
788 1331 906 1359 suum
938 1317 1068 1358 locum
1100 1317 1270 1357 obtinet:
1305 1316 1458 1356 insania
1484 1315 1743 1369 significatur,

165 1397 245 1439 qua
275 1391 405 1427 mater
434 1384 653 1439 impellitur
683 1384 731 1425 ad
764 1384 918 1425 facinus
943 1384 1247 1436 atrocissimum,
1278 1387 1323 1423 ut
1347 1383 1389 1422 in
1413 1380 1575 1421 Medeae
1602 1380 1762 1436 rabula„

165 1452 280 1505 origo
303 1450 532 1492 exhibetur:
558 1451 797 1504 Σοφοκλῆς
820 1462 948 1503 τυροι
974 1463 1003 1489 α
1026 1462 1192 1502 ροιτου,
1218 1446 1322 1500 quod
1349 1445 1484 1486 Nauck
1512 1448 1656 1486 iterum
1683 1447 1743 1486 in-

167 1515 337 1558 tellexit:
368 1516 510 1570 Τυροτ
531 1511 621 1570 0:2⁸)

227 1580 394 1635 Reliqua
428 1581 646 1634 fragmenta
683 1586 813 1621 utram
850 1579 898 1620 ad
933 1578 1173 1632 tragoediam
1207 1579 1444 1632 pertineant,
1480 1578 1560 1617 nisi
1595 1576 1743 1617 diserte

168 1646 328 1700 dicitur,
358 1646 595 1700 perdifficile
626 1651 688 1687 est
713 1646 900 1687 discretu.
950 1651 1082 1686 tamen
1109 1646 1143 1685 si
1176 1643 1224 1684 ad
1256 1643 1426 1684 alterum
1451 1642 1580 1695 Tyrus
1608 1642 1742 1682 drama

169 1725 243 1754 nos
272 1714 553 1765 convertimus,
588 1713 718 1753 statim
750 1713 1009 1765 expositionis
1041 1710 1212 1751 rabulam
1247 1710 1495 1750 notissimam
1527 1707 1742 1748 adhibitam

168 1790 259 1819 esse
290 1780 566 1831 cognoscimus
596 1790 644 1819 ex
677 1778 750 1830 irg.
782 1774 887 1818 594:
929 1774 1273 1830 ἐρρηνοβοσκόςε
1311 1772 1335 1815 ὁ
1366 1772 1743 1827 προβατοβοσκός,

169 1839 220 1884 ἐν
250 1842 392 1898 Τυροῖ
413 1840 453 1897 β’
480 1840 768 1897 Σοφοκλέους
792 1838 941 1898 (tribus
976 1842 1073 1882 locis
1097 1837 1335 1895 tradituml).
1376 1838 1425 1879 ad
1460 1850 1527 1879 eas
1557 1837 1743 1891 pecudes,

169 1921 250 1950 non
276 1908 325 1950 ad
350 1921 474 1963 equos
499 1909 683 1950 convenit
702 1908 768 1949 illa
794 1909 904 1948 canis
929 1906 1094 1948 Neleum
1121 1901 1359 1960 nutriens.⁷)

169 2049 296 2086 monh
324 2048 446 2085 sdhue
477 2051 685 2094 supersunt,
719 2059 805 2084 cum
835 2048 869 2084 si
899 2047 1055 2083 altorum
1087 2047 1216 2082 drama
1245 2044 1454 2081 retractatio
1479 2046 1622 2079 tantum
1647 2046 1744 2079 esset

169 2100 315 2148 prioris,
340 2101 491 2139 alterius
516 2102 631 2138 solius
656 2100 868 2138 testimonia.
891 2103 1014 2137 essent
1037 2101 1230 2145 exscripta.

233 2156 268 2201 1)
291 2155 356 2201 qui
381 2156 522 2201 optime
545 2156 650 2192 novit
674 2155 903 2201 tragoediam
923 2154 1176 2199 Sophoclem.
1202 2153 1308 2189 aliter
1331 2162 1406 2187 non
1425 2151 1609 2187 attulisset
1626 2160 1743 2195 genus

169 2208 447 2246 femininum.

228 2263 265 2307 2)
289 2262 386 2300 inter
409 2263 548 2309 scripta.
572 2264 611 2299 in
636 2264 813 2299 honorem
840 2261 1053 2307 Bambergii
1079 2259 1284 2305 composita.
1310 2260 1413 2301 1906,
1438 2269 1474 2303 p.
1497 2260 1564 2293 109
1575 2268 1622 2293 ss.

228 2318 266 2362 8)
290 2318 332 2353 ut
361 2317 454 2353 dicit
476 2316 676 2363 Euripides
702 2316 777 2352 Ion.
805 2319 892 2351 8152
924 2314 1036 2360 ἄλλης
1060 2313 1240 2360 γυναικὸς
1263 2313 1404 2353 παῖδας
1429 2310 1743 2356 ἐκκαρπούμενος,

172 2372 210 2406 et
232 2372 319 2406 ⁹82:
345 2369 471 2407 Δίοισι
495 2377 666 2415 καρποῖς,
692 2370 736 2407 cf.
763 2369 930 2415 Xenoph.
958 2368 1089 2414 Cyrop.
1115 2367 1131 2403 1
1154 2372 1207 2415 t‚.

232 2426 269 2468 4)
293 2423 339 2461 cs.
364 2423 515 2460 Lucisni
540 2424 632 2470 Fug.
661 2428 721 2460 18:
749 2423 803 2465 εἴς
827 2436 910 2459 τινα
937 2420 1188 2469 ἐξυβρίζουσα.

233 2479 269 2520 ὁ)
294 2487 415 2523 neque
445 2479 566 2523 potest
595 2477 795 2514 contradici
827 2475 942 2521 κόρον
974 2487 1052 2511 esse
1084 2485 1278 2510 numerum
1304 2472 1546 2519 singularem:
1582 2471 1622 2507 id
1647 2473 1744 2507 esset

172 2529 377 2576 probabile.
408 2530 440 2567 si
471 2529 538 2567 sev
569 2531 744 2567 articulus
777 2533 872 2566 esset
896 2530 1077 2565 adiectus:
1114 2529 1167 2564 ita
1189 2527 1360 2573 prolem
1386 2536 1503 2568 susm,
1534 2536 1609 2561 non
1634 2536 1743 2560 suum

172 2582 325 2619 filium
349 2583 504 2620 verbum
529 2584 721 2631 signifieat.

234 2638 270 2681 6)
294 2637 397 2682 sequi
428 2649 518 2673 num
549 2638 588 2673 in
619 2635 745 2683 δοκοῦ
770 2637 883 2673 verbo
914 2636 1008 2672 nihil
1032 2635 1105 2671 nisi
1131 2634 1383 2681 ‹litingi-aphia
1406 2644 1501 2679 quse
1527 2633 1663 2668 dicitur
1686 2632 1742 2668 in-

173 2700 281 2726 versa
303 2690 425 2736 posits
450 2691 508 2734 sit.
534 2691 640 2727 valde
665 2692 850 2734 dubitem;
877 2691 1004 2726 malim
1030 2699 1248 2735 cognoscere
1274 2688 1313 2723 in
1339 2700 1493 2732 αροιτου
1512 2686 1663 2731 aliquod
1683 2696 1741 2721 eo·

174 2754 335 2790 gnomen
360 2744 526 2789 (fortasse
545 2745 844 2790 coniungendam
865 2755 948 2779 cum
968 2744 1180 2788 (τυρι)λαω),
1207 2742 1306 2787 quod
1327 2741 1466 2776 solvere
1485 2751 1559 2775 non
1579 2750 1741 2785 possum.

234 2799 270 2843 ⁶1)
294 2796 465 2846 πρόβατα
495 2801 619 2835 sutem
643 2798 709 2834 ins
734 2798 877 2834 definiri
904 2799 1066 2843 possunt.
1100 2807 1260 2840 namque
1291 2806 1335 2830 ex
1361 2794 1551 2830 Menandri
1577 2790 1742 2837 Ἐπακρί-

175 2862 308 2893 κοπις
326 2851 528 2893 comoedis,
548 2851 653 2887 euius
672 2862 729 2886 vv.
748 2854 933 2887 toa—116
953 2851 1099 2886 disertis
1119 2849 1240 2885 verbis
1260 2847 1382 2884 Pelise
1403 2846 1583 2892 Neleique
1602 2846 1741 2883 mentio

173 2903 225 2947 iit,
252 2914 348 2940 non
371 2904 554 2949 quaedam
578 2915 771 2950 excerpere
790 2915 974 2940 conmur.
1000 2903 1169 2949 quamvis
1195 2913 1304 2948 saepe
1329 2902 1428 2938 enim
1454 2900 1545 2936 tales
1571 2901 1743 2945 άναγνω·
