2106 3320
984 164 1278 206 -20—

406 283 476 323 His
518 283 816 323 condicionibus
855 283 997 323 ductus
1035 283 1152 336 Soph.
1192 289 1282 324 ante
1321 286 1451 324 omnia
1484 285 1526 325 id
1551 287 1642 338 egit,
1673 292 1718 326 ut
1741 285 1927 340 unaqua-'

346 360 422 401 que
460 350 501 388 in
538 354 650 400 parte
684 347 867 388 Orestem
905 353 1046 388 cuncta
1077 348 1266 389 liberaret
1292 350 1419 402 culpa,
1449 351 1588 390 matris
1614 352 1766 392 facinus
1791 353 1915 405 tinge-

345 419 406 453 ret
449 419 528 453 tam
573 413 762 453 horribile
801 413 1095 466 nefariumque,
1138 419 1183 453 ut
1219 414 1488 455 matricidium
1526 417 1635 455 omni
1671 417 1915 458 immanitate

345 477 497 518 sublata
534 480 682 518 iustum
722 478 904 518 evaderet
943 483 982 518 et
1019 480 1196 518 omnium
1233 479 1349 520 laude
1383 479 1556 532 dignum.
1613 493 1706 532 ergo
1737 483 1780 521 in
1812 483 1915 534 regi·

343 555 434 583 nam
469 543 768 584 accumulantur
805 556 1077 596 quaecumque
1115 544 1266 584 scelera
1299 550 1467 598 possunt
1505 547 1737 598 excogitari:
1774 545 1837 586 vel
1872 547 1915 587 in

343 609 473 660 ipsum
506 610 653 648 mortui
683 610 862 660 coniugis
901 621 1045 661 corpus
1084 611 1210 649 saevit
1247 605 1323 665 (ΕΙ.
1356 607 1444 650 444
1464 606 1555 666 ss.);
1593 611 1662 650 ubi
1698 611 1916 664 paullulum

344 673 642 713 consistendum
670 679 740 713 est.
1505 684 1508 686 “

405 737 583 790 Namque
611 752 700 778 cum
725 739 941 791 Aeschylus
965 739 1271 792 μασχαλισμόν
1293 741 1431 794 solum,
1457 743 1525 794 qui
1546 742 1702 794 dicitur,
1727 742 1915 782 exhiben-

344 808 423 843 tem
449 804 590 843 fecerit
614 817 778 844 uxorem
806 805 1130 844 scelestissimam
1156 802 1293 858 (Choe.
1313 803 1433 861 438),
1460 807 1577 859 Soph.
1602 819 1743 848 novam
1765 807 1917 848 addidit

342 870 598 920 ignominiam
620 875 735 921 atque
757 869 1043 922 crudelitatem,
1063 882 1153 909 cum
1172 870 1323 922 profert
1339 866 1444 925 (445
1457 868 1526 926 s.):
1540 869 1644 912 κάπὶ
1660 873 1917 925 λουτροῖσιν

341 930 454 987 κάρᾳ
479 933 662 986 κηλῖδας
688 931 908 988 ἐξέμαξενε
934 936 1139 987 sanguinis
1165 936 1338 976 maculas
1363 938 1406 976 in
1431 938 1561 976 necati
1580 938 1707 989 capite
1726 942 1916 990 exterget.

342 1001 411 1051 qui
437 999 597 1051 quidem
623 1012 762 1040 versus
791 1000 958 1040 diversis
984 1000 1112 1040 modis
1132 1001 1387 1053 intellegitur.
1413 1001 1549 1042 Rohde
1570 1003 1677 1042 enim
1697 998 1867 1057 (Psyche
1880 998 1917 1044 1⁸

341 1060 497 1119 (1903)
518 1077 555 1117 p.
572 1062 678 1119 326)
705 1067 763 1105 sic
789 1078 874 1105 rem
901 1067 1077 1117 exponit:
1106 1064 1220 1105 ‘nach
1247 1066 1336 1106 dem
1361 1067 1662 1120 μασχαλισμός
1685 1068 1826 1108 wischt
1851 1068 1915 1108 die

341 1128 545 1169 Morderin
572 1131 670 1170 auch
699 1130 768 1170 das
794 1130 943 1182 blutige
970 1130 1399 1172 Mordinstrument
1423 1145 1485 1171 am
1511 1132 1641 1185 Haupt
1667 1132 1737 1173 des
1755 1132 1915 1173 Ermor-

344 1195 460 1234 deten
487 1193 564 1235 ab’.
606 1201 742 1236 contra
767 1195 905 1236 Kaibel
931 1195 1132 1236 contendit
1158 1194 1219 1250 (in
1246 1203 1454 1237 comment.
1476 1197 1524 1237 ad
1550 1197 1606 1237 El.
1627 1211 1661 1237 v.
1681 1195 1807 1253 445):
1834 1197 1914 1239 ‘dic

341 1261 477 1300 zweite
509 1260 768 1313 Beleidigung
798 1263 851 1301 ist
883 1262 1011 1301 ihrem
1036 1261 1165 1301 Inhalt
1196 1262 1297 1301 nach
1330 1262 1432 1302 klar:
1465 1263 1523 1302 sie
1549 1263 1691 1303 wischt
1716 1263 1780 1303 die
1805 1263 1913 1304 Blut-

341 1325 495 1365 flecken
522 1338 571 1365 an
597 1326 712 1366 ihren
738 1326 933 1366 Handen
961 1328 1015 1365 im
1040 1326 1171 1378 Haupt
1197 1326 1266 1366 des
1285 1327 1547 1367 Ermordeten
1573 1325 1648 1367 ab'.
1674 1333 1804 1368 utram
1824 1341 1913 1369 sen-

342 1392 502 1430 tentiam
524 1404 748 1444 sequamur,
769 1404 936 1444 quarum
956 1393 1116 1443 utrique
1135 1398 1293 1444 praesto
1313 1397 1407 1432 sunt
1425 1391 1679 1433 testimonia?
1704 1393 1913 1446 scholiasta

341 1455 389 1495 ad
414 1469 471 1495 vv,
492 1453 580 1496 445
607 1462 646 1496 et
670 1455 757 1497 446
786 1457 945 1496 exhibet
969 1456 1022 1497 τὰ
1048 1454 1151 1510 ξίφη
1178 1453 1258 1511 (ed.
1278 1457 1419 1509 Papag.
1440 1470 1477 1510 p.
1495 1454 1618 1513 1235)
1645 1459 1727 1498 sive
1752 1462 1832 1499 τοῦ
1851 1456 1914 1508 ξί-

341 1535 456 1573 φους
482 1517 537 1575 (p.
562 1518 701 1576 1248):
728 1524 837 1574 atqui
863 1522 979 1574 Soph.
1006 1522 1157 1562 nullum
1185 1523 1317 1562 caedis
1336 1524 1644 1563 instrumentum
1664 1524 1817 1575 profert
1834 1525 1914 1565 nisi

341 1588 513 1626 securim
534 1584 698 1643 (φονίῳ
718 1585 888 1628 πελέκει
909 1589 966 1627 Ε1.
988 1586 1056 1640 99,
1080 1585 1163 1628 195
1173 1601 1236 1639 ss„
1256 1586 1343 1627 486
1353 1584 1421 1642 s.):
1443 1601 1564 1640 quare
1586 1589 1795 1629 scholiasta
1808 1589 1913 1630 haud

339 1653 499 1704 proprie
532 1653 636 1692 hunc
668 1654 710 1691 in
742 1666 776 1692 v,
805 1659 988 1705 spectans
1019 1653 1137 1708 yerba
1170 1655 1391 1705 composuit
1422 1666 1551 1705 neque
1578 1659 1725 1694 tantam
1749 1655 1914 1707 praebet

340 1717 458 1756 fidem
484 1718 577 1757 huic
603 1718 687 1757 loco
716 1718 949 1759 declarando
958 1716 1012 1773 ¹):
1039 1721 1159 1758 immo
1179 1718 1278 1758 nihil
1298 1719 1398 1758 certi
1418 1724 1582 1758 noverat
1600 1718 1666 1759 ille
1686 1721 1912 1772 grammati·

340 1795 422 1834 cus,
449 1788 515 1822 aut
540 1788 673 1822 utrum
699 1785 740 1822 in
767 1797 838 1823 suo
865 1786 990 1836 ipsius
1018 1797 1066 1823 an
1087 1785 1260 1824 truncati
1280 1785 1406 1836 capite
1426 1784 1625 1836 parricida
1645 1786 1914 1837 exstingueret

340 1848 513 1887 maculas
545 1851 635 1888 τοῦ
668 1845 874 1901 ξίφους,
906 1862 985 1889 11011
1018 1851 1062 1891 111
1092 1849 1255 1888 (11111111111
1287 1845 1520 1902 vocasset.2)
1554 1872 1611 1877 —
1642 1850 1738 1902 quid
1763 1851 1797 1890 si
1823 1851 1913 1903 quis

341 1912 485 1951 dixerit
516 1914 633 1952 etiam
664 1916 996 1965 praepositionem
1031 1911 1097 1953 ἑκ-
1130 1913 1270 1952 melius
1303 1915 1514 1953 convenire
1547 1914 1595 1954 ad
1627 1927 1768 1955 manus
1794 1928 1912 1968 quam

339 1997 371 2030 Il
391 1999 473 2042 234)
500 2018 543 2023 —
573 1998 744 2041 quamvis
771 1999 967 2043 diligenter
994 1999 1149 2043 singulis
1172 1998 1215 2032 'in
1240 1998 1349 2033 rebus
1375 2009 1398 2033 3
1417 1998 1595 2042 Sophocle
1615 1999 1835 2035 adhibeatur
1852 1999 1912 2034 ius

339 2050 486 2084 talionis
526 2050 801 2086 severissimum
839 2053 953 2097 (quod.
990 2052 1160 2096 exposuit
1195 2051 1238 2087 R.
1270 2052 1403 2094 Hirzel,
1441 2052 1502 2087 die
1533 2052 1675 2095 Talion,
1709 2052 1748 2087 in
1779 2052 1911 2091 Philol.

341 2103 518 2147 supplem.
552 2103 602 2137 XI
629 2107 815 2139 1907—10
848 2116 883 2148 p.
911 2108 979 2139 433
1001 2116 1046 2139 ss.
1081 2107 1147 2138 441
1170 2107 1242 2150 ss.),
1278 2105 1390 2139 simili
1422 2105 1563 2140 ratione
1593 2107 1704 2149 atque
1735 2106 1782 2141 ab
1812 2106 1910 2142 Hdto

341 2156 453 2201 (velut
478 2156 511 2190 11
538 2159 606 2191 120
633 2168 687 2192 ex,
714 2157 763 2191 III
789 2161 845 2193 64.
874 2161 952 2194 109.
977 2160 1043 2192 128
1070 2157 1136 2192 VII
1163 2161 1230 2193 133
1252 2170 1310 2201 ss„
1335 2159 1443 2203 impr.
1466 2162 1533 2193 137
1559 2158 1644 2194 VIII
1666 2161 1758 2204 106).
1796 2159 1911 2196 immo

339 2221 394 2244 res
419 2210 603 2245 humanae
628 2213 805 2255 reguntur
824 2211 1011 2246 voluntate
1037 2212 1201 2250 deorum,
1228 2222 1386 2255 quorum
1410 2211 1560 2247 iudiciis
1586 2223 1628 2247 36
1653 2212 1815 2247 consiliis
1841 2213 1910 2247 im-

337 2264 436 2308 pulsi
461 2264 629 2298 homines
654 2264 859 2308 perficiunt,
886 2276 1129 2309 quaecunque
1155 2266 1329 2300 mandata
1354 2265 1406 2300 eis
1433 2268 1527 2307 sunt,
1554 2265 1606 2300 ita
1630 2267 1671 2300 ut
1695 2277 1911 2310 superorum

337 2316 532 2351 videantur
550 2319 692 2351 tantum
712 2317 970 2353 instrumenta:
997 2318 1056 2352 his
1077 2318 1354 2353 condicionibus
1375 2319 1522 2353 condita
1540 2320 1595 2353 est
1614 2318 1803 2363 Sophoclis
1823 2330 1911 2365 erga

339 2370 425 2404 deos
451 2370 581 2414 pietas,
608 2382 682 2414 qua
706 2371 831 2406 omnia
855 2371 951 2406 facta
976 2382 1094 2415 aequo
1120 2371 1244 2407 animo
1270 2371 1340 2406 fert
1357 2373 1534 2415 tanquam
1553 2371 1599 2406 ab
1619 2371 1694 2406 illis
1715 2373 1911 2408 constituta

339 2424 386 2458 ad
410 2423 604 2458 hominum
630 2424 784 2459 salutem
810 2426 921 2468 atque
953 2425 1001 2459 ad
1027 2427 1192 2460 aeternas
1217 2425 1317 2469 leges
1343 2425 1627 2467 conservandas;
1660 2436 1755 2469 quae
1780 2426 1910 2461 eadem

338 2476 429 2510 ratio
449 2477 555 2510 nobis
577 2477 736 2511 occurrit
749 2477 861 2512 etiam
874 2478 913 2511 in
927 2478 1016 2512 Hdti
1029 2478 1134 2512 libris
1147 2478 1330 2513 historicis
1345 2478 1402 2523 (cf.
1417 2477 1483 2514 Ed.
1497 2478 1632 2522 Meyer,
1646 2478 1908 2524 Forschungen

339 2529 370 2562 ΙΙ
391 2532 457 2563 252
480 2541 543 2571 ss.;
569 2530 708 2573 Rohde,
734 2530 874 2574 Psyche
899 2532 1017 2578 2381).

401 2584 433 2626 1)
460 2583 613 2617 eandem
639 2584 886 2628 suspicionem
919 2584 1110 2620 confitetur
1136 2584 1265 2619 Rohde
1289 2584 1349 2618 1.1.
1371 2585 1417 2619 (16
1442 2585 1620 2620 vocabulo
1647 2587 1909 2632 μασχαλισμοῦ.

399 2636 433 2681 2)
459 2637 569 2679 atque
595 2636 683 2670 Hdti
715 2637 827 2672 verba
857 2637 873 2671 I
895 2641 965 2671 155·
988 2635 1051 2673 ’τὰ
1082 2636 1150 2683 μὲν
1181 2636 1251 2683 γὰρ
1283 2635 1464 2682 πρότερον
1496 2637 1565 2682 ἐγώ
1593 2651 1632 2674 τε
1658 2640 1719 2684 (sc.
1740 2637 1908 2684 Croesus)

339 2688 490 2733 ἔπρηξα,
522 2689 583 2723 καὶ
619 2690 689 2735 ἐγὼ
721 2693 864 2737 κεφαλῇ
898 2690 1092 2736 ἀναμάξας
1116 2688 1233 2735 φέρω’
1263 2691 1469 2732 ostendunt,
1501 2702 1575 2726 non
1600 2692 1804 2728 necessario
1829 2703 1909 2728 esse

338 2741 626 2786 intellegendum
652 2744 773 2778 caedis
799 2744 1093 2786 instrumentum,
1121 2744 1185 2778 sed
1209 2743 1332 2788 potius
1359 2745 1598 2788 spectandum
1623 2745 1662 2779 in
1687 2745 1808 2790 ipsam
1825 2756 1907 2790 per-

339 2804 474 2828 sonam.
502 2795 668 2838 proxime
694 2808 779 2831 vero
799 2797 949 2839 accedit,
975 2798 1088 2831 immo
1112 2796 1152 2830 ni
1171 2796 1278 2831 fallor
1296 2797 1383 2831 Hdti
1402 2798 1523 2831 verbis
1543 2800 1621 2832 erat
1639 2800 1765 2833 auctor
1782 2810 1908 2838 versus

338 2847 442 2882 Hom.
460 2848 526 2882 Od.
540 2852 629 2883 192:
659 2849 819 2893 ἔρδουσα
844 2849 937 2895 μέγα
964 2850 1084 2895 ἔργον,
1111 2848 1130 2885 ὃ
1151 2855 1195 2896 σῇ
1217 2852 1358 2896 κεφαλῇ
1379 2849 1593 2895 ἀναμάξεις.
1619 2851 1658 2885 111
1678 2862 1721 2886 63
1739 2852 1909 2897 exempla.

338 2900 533 2936 scholiasta
559 2904 740 2945 spectasse
765 2903 921 2938 videtur.
