<?xml version="1.0" encoding="UTF-8"?>
<!DOCTYPE html PUBLIC "-//W3C//DTD XHTML 1.0 Transitional//EN"
    "http://www.w3.org/TR/xhtml1/DTD/xhtml1-transitional.dtd">
<html xmlns="http://www.w3.org/1999/xhtml" xml:lang="en" lang="en">
 <head>
  <title>
</title>
<meta http-equiv="Content-Type" content="text/html;charset=utf-8" />
  <meta name='ocr-system' content='tesseract 3.04.00' />
  <meta name='ocr-capabilities' content='ocr_page ocr_carea ocr_par ocr_line ocrx_word'/>
</head>
<body>
  <div class='ocr_page' id='page_1' title='image "./sophoclesquiddeb00rascuoft_0064.png"; bbox 0 0 2106 3320; ppageno 0'>
   <div class='ocr_carea' id='block_1_1' title="bbox 954 125 1253 167">
    <p class='ocr_par' dir='ltr' id='par_1_1' title="bbox 954 125 1253 167">
     <span class='ocr_line' id='line_1_1' title="bbox 954 125 1253 167; baseline 0.003 -12"><span class='ocrx_word' id='word_1_1' title='bbox 954 125 1253 167; x_wconf 62' lang='lat'>-54-</span> 
     </span>
    </p>
   </div>
   <div class='ocr_carea' id='block_1_2' title="bbox 314 243 1947 1410">
    <p class='ocr_par' dir='ltr' id='par_1_2' title="bbox 316 243 1912 366">
     <span class='ocr_line' id='line_1_2' title="bbox 317 243 1912 301; baseline -0.002 -11"><span class='ocrx_word' id='word_1_2' title='bbox 317 251 485 301; x_wconf 88' lang='lat' dir='ltr'>cogitata</span> <span class='ocrx_word' id='word_1_3' title='bbox 505 248 673 288; x_wconf 87' lang='lat' dir='ltr'>debetur</span> <span class='ocrx_word' id='word_1_4' title='bbox 689 252 828 300; x_wconf 88' lang='lat' dir='ltr'>poetae</span> <span class='ocrx_word' id='word_1_5' title='bbox 848 248 1008 298; x_wconf 89' lang='lat' dir='ltr'>tragic0,</span> <span class='ocrx_word' id='word_1_6' title='bbox 1036 247 1105 298; x_wconf 94' lang='lat' dir='ltr'>qui</span> <span class='ocrx_word' id='word_1_7' title='bbox 1129 243 1433 299; x_wconf 76' lang='grc' dir='ltr'><em>ἀναγνώρισιν</em></span> <span class='ocrx_word' id='word_1_8' title='bbox 1458 248 1678 287; x_wconf 88' lang='lat' dir='ltr'>instituerit</span> <span class='ocrx_word' id='word_1_9' title='bbox 1702 246 1752 287; x_wconf 88' lang='lat' dir='ltr'>ad</span> <span class='ocrx_word' id='word_1_10' title='bbox 1778 259 1884 287; x_wconf 90' lang='lat' dir='ltr'>sum·</span> <span class='ocrx_word' id='word_1_11' title='bbox 1910 272 1912 275; x_wconf 92' lang='lat'><em>-</em></span> 
     </span>
     <span class='ocr_line' id='line_1_3' title="bbox 316 311 1358 366; baseline -0.004 -11"><span class='ocrx_word' id='word_1_12' title='bbox 316 327 421 355; x_wconf 89' lang='lat' dir='ltr'>mam</span> <span class='ocrx_word' id='word_1_13' title='bbox 447 319 713 366; x_wconf 86' lang='lat' dir='ltr'>spectatorum</span> <span class='ocrx_word' id='word_1_14' title='bbox 739 313 1072 364; x_wconf 81' lang='lat' dir='ltr'>exspectationem</span> <span class='ocrx_word' id='word_1_15' title='bbox 1100 311 1358 351; x_wconf 82' lang='lat' dir='ltr'>excitandam.</span> 
     </span>
    </p>

    <p class='ocr_par' dir='ltr' id='par_1_3' title="bbox 314 376 1947 1410">
     <span class='ocr_line' id='line_1_4' title="bbox 377 376 1886 430; baseline -0.001 -11"><span class='ocrx_word' id='word_1_16' title='bbox 377 380 427 419; x_wconf 88' lang='lat' dir='ltr'>Ut</span> <span class='ocrx_word' id='word_1_17' title='bbox 451 381 528 418; x_wconf 88' lang='lat' dir='ltr'>iam</span> <span class='ocrx_word' id='word_1_18' title='bbox 553 379 690 430; x_wconf 90' lang='lat' dir='ltr'>paucis</span> <span class='ocrx_word' id='word_1_19' title='bbox 715 377 848 418; x_wconf 87' lang='lat' dir='ltr'>verbis</span> <span class='ocrx_word' id='word_1_20' title='bbox 873 376 925 429; x_wconf 91' lang='lat' dir='ltr'>id,</span> <span class='ocrx_word' id='word_1_21' title='bbox 961 376 1067 429; x_wconf 91' lang='lat' dir='ltr'>quod</span> <span class='ocrx_word' id='word_1_22' title='bbox 1093 378 1265 416; x_wconf 83' lang='lat' dir='ltr'>assecuti</span> <span class='ocrx_word' id='word_1_23' title='bbox 1293 389 1381 417; x_wconf 89' lang='lat' dir='ltr'>esse</span> <span class='ocrx_word' id='word_1_24' title='bbox 1407 376 1522 416; x_wconf 91' lang='lat' dir='ltr'>nobis</span> <span class='ocrx_word' id='word_1_25' title='bbox 1547 377 1739 429; x_wconf 88' lang='lat' dir='ltr'>videmur,</span> <span class='ocrx_word' id='word_1_26' title='bbox 1772 390 1886 430; x_wconf 86' lang='lat' dir='ltr'>repe-</span> 
     </span>
     <span class='ocr_line' id='line_1_5' title="bbox 317 441 1890 495; baseline -0.002 -10"><span class='ocrx_word' id='word_1_27' title='bbox 317 451 462 485; x_wconf 90' lang='lat' dir='ltr'>tamus:</span> <span class='ocrx_word' id='word_1_28' title='bbox 493 442 646 483; x_wconf 87' lang='lat' dir='ltr'>Paridis</span> <span class='ocrx_word' id='word_1_29' title='bbox 673 444 864 495; x_wconf 85' lang='lat' dir='ltr'>expositio</span> <span class='ocrx_word' id='word_1_30' title='bbox 892 455 912 481; x_wconf 89' lang='lat' dir='ltr'>a</span> <span class='ocrx_word' id='word_1_31' title='bbox 939 441 1132 494; x_wconf 90' lang='lat' dir='ltr'>Sophocle</span> <span class='ocrx_word' id='word_1_32' title='bbox 1167 447 1333 482; x_wconf 91' lang='lat' dir='ltr'>tractata</span> <span class='ocrx_word' id='word_1_33' title='bbox 1368 442 1582 494; x_wconf 88' lang='lat' dir='ltr'>repetenda</span> <span class='ocrx_word' id='word_1_34' title='bbox 1618 448 1678 483; x_wconf 88' lang='lat' dir='ltr'>est</span> <span class='ocrx_word' id='word_1_35' title='bbox 1713 442 1760 482; x_wconf 89' lang='lat' dir='ltr'>de</span> <span class='ocrx_word' id='word_1_36' title='bbox 1797 442 1890 495; x_wconf 83' lang='lat' dir='ltr'>Cyri</span> 
     </span>
     <span class='ocr_line' id='line_1_6' title="bbox 317 507 1889 560; baseline 0 -11"><span class='ocrx_word' id='word_1_37' title='bbox 317 510 592 550; x_wconf 86' lang='lat' dir='ltr'>adulescentia.</span> <span class='ocrx_word' id='word_1_38' title='bbox 644 514 760 560; x_wconf 85' lang='lat' dir='ltr'>atque</span> <span class='ocrx_word' id='word_1_39' title='bbox 786 508 860 547; x_wconf 91' lang='lat' dir='ltr'>hoc</span> <span class='ocrx_word' id='word_1_40' title='bbox 887 513 993 547; x_wconf 91' lang='lat' dir='ltr'>certe</span> <span class='ocrx_word' id='word_1_41' title='bbox 1019 512 1151 559; x_wconf 88' lang='lat' dir='ltr'>potest</span> <span class='ocrx_word' id='word_1_42' title='bbox 1185 507 1388 547; x_wconf 89' lang='lat' dir='ltr'>contendi:</span> <span class='ocrx_word' id='word_1_43' title='bbox 1421 509 1455 546; x_wconf 91' lang='lat' dir='ltr'>si</span> <span class='ocrx_word' id='word_1_44' title='bbox 1481 507 1639 560; x_wconf 88' lang='lat' dir='ltr'>quidem</span> <span class='ocrx_word' id='word_1_45' title='bbox 1667 507 1760 560; x_wconf 84' lang='lat' dir='ltr'>Cyri</span> <span class='ocrx_word' id='word_1_46' title='bbox 1794 507 1889 549; x_wconf 91' lang='lat' dir='ltr'>adu-</span> 
     </span>
     <span class='ocr_line' id='line_1_7' title="bbox 316 572 1888 625; baseline -0.001 -11"><span class='ocrx_word' id='word_1_47' title='bbox 316 575 528 614; x_wconf 88' lang='lat' dir='ltr'>lescentiae</span> <span class='ocrx_word' id='word_1_48' title='bbox 555 575 768 613; x_wconf 84' lang='lat' dir='ltr'>auctoritas</span> <span class='ocrx_word' id='word_1_49' title='bbox 787 572 997 613; x_wconf 89' lang='lat' dir='ltr'>tribuenda</span> <span class='ocrx_word' id='word_1_50' title='bbox 1018 577 1079 612; x_wconf 91' lang='lat' dir='ltr'>est</span> <span class='ocrx_word' id='word_1_51' title='bbox 1097 574 1138 611; x_wconf 92' lang='lat' dir='ltr'>in</span> <span class='ocrx_word' id='word_1_52' title='bbox 1158 572 1311 612; x_wconf 87' lang='lat' dir='ltr'>Paridis</span> <span class='ocrx_word' id='word_1_53' title='bbox 1332 572 1462 612; x_wconf 90' lang='lat' dir='ltr'>fabula</span> <span class='ocrx_word' id='word_1_54' title='bbox 1483 578 1681 625; x_wconf 90' lang='lat' dir='ltr'>exornata,</span> <span class='ocrx_word' id='word_1_55' title='bbox 1708 578 1793 613; x_wconf 92' lang='lat' dir='ltr'>tum</span> <span class='ocrx_word' id='word_1_56' title='bbox 1812 573 1888 613; x_wconf 90' lang='lat' dir='ltr'>hoc</span> 
     </span>
     <span class='ocr_line' id='line_1_8' title="bbox 317 638 1887 692; baseline -0.001 -12"><span class='ocrx_word' id='word_1_57' title='bbox 317 641 462 680; x_wconf 83' lang='lat' dir='ltr'>sactum</span> <span class='ocrx_word' id='word_1_58' title='bbox 489 645 549 679; x_wconf 88' lang='lat' dir='ltr'>est</span> <span class='ocrx_word' id='word_1_59' title='bbox 573 639 771 679; x_wconf 85' lang='lat' dir='ltr'>Herodoto</span> <span class='ocrx_word' id='word_1_60' title='bbox 804 638 1086 678; x_wconf 87' lang='lat' dir='ltr'>intercedente.</span> <span class='ocrx_word' id='word_1_61' title='bbox 1138 640 1286 678; x_wconf 88' lang='lat' dir='ltr'>etenim</span> <span class='ocrx_word' id='word_1_62' title='bbox 1318 640 1353 678; x_wconf 89' lang='lat' dir='ltr'>is</span> <span class='ocrx_word' id='word_1_63' title='bbox 1389 644 1527 689; x_wconf 87' lang='lat' dir='ltr'>auctor</span> <span class='ocrx_word' id='word_1_64' title='bbox 1559 638 1762 679; x_wconf 88' lang='lat' dir='ltr'>fabulosus</span> <span class='ocrx_word' id='word_1_65' title='bbox 1789 638 1887 692; x_wconf 91' lang='lat' dir='ltr'>quid</span> 
     </span>
     <span class='ocr_line' id='line_1_9' title="bbox 317 702 1887 757; baseline -0.001 -12"><span class='ocrx_word' id='word_1_66' title='bbox 317 705 422 745; x_wconf 90' lang='lat' dir='ltr'>aliud</span> <span class='ocrx_word' id='word_1_67' title='bbox 446 707 488 745; x_wconf 91' lang='lat' dir='ltr'>in</span> <span class='ocrx_word' id='word_1_68' title='bbox 515 707 644 745; x_wconf 90' lang='lat' dir='ltr'>animo</span> <span class='ocrx_word' id='word_1_69' title='bbox 670 705 850 757; x_wconf 88' lang='lat' dir='ltr'>habebat,</span> <span class='ocrx_word' id='word_1_70' title='bbox 876 706 954 744; x_wconf 90' lang='lat' dir='ltr'>nisi</span> <span class='ocrx_word' id='word_1_71' title='bbox 979 710 1024 743; x_wconf 92' lang='lat' dir='ltr'>ut</span> <span class='ocrx_word' id='word_1_72' title='bbox 1050 716 1170 743; x_wconf 88' lang='lat' dir='ltr'>novas</span> <span class='ocrx_word' id='word_1_73' title='bbox 1196 704 1261 743; x_wconf 89' lang='lat' dir='ltr'>res</span> <span class='ocrx_word' id='word_1_74' title='bbox 1288 709 1327 744; x_wconf 90' lang='lat' dir='ltr'>et</span> <span class='ocrx_word' id='word_1_75' title='bbox 1352 703 1549 744; x_wconf 87' lang='lat' dir='ltr'>inauditas</span> <span class='ocrx_word' id='word_1_76' title='bbox 1576 702 1775 745; x_wconf 80' lang='lat' dir='ltr'>referret?</span> <span class='ocrx_word' id='word_1_77' title='bbox 1811 717 1887 757; x_wconf 90' lang='lat' dir='ltr'>qua</span> 
     </span>
     <span class='ocr_line' id='line_1_10' title="bbox 316 768 1888 822; baseline -0.001 -12"><span class='ocrx_word' id='word_1_78' title='bbox 316 783 433 810; x_wconf 87' lang='lat' dir='ltr'>causa</span> <span class='ocrx_word' id='word_1_79' title='bbox 459 770 551 822; x_wconf 82' lang='lat' dir='ltr'>Cyri</span> <span class='ocrx_word' id='word_1_80' title='bbox 576 782 731 822; x_wconf 90' lang='lat' dir='ltr'>quoque</span> <span class='ocrx_word' id='word_1_81' title='bbox 756 769 888 809; x_wconf 90' lang='lat' dir='ltr'>fabula</span> <span class='ocrx_word' id='word_1_82' title='bbox 912 771 1007 821; x_wconf 92' lang='lat' dir='ltr'>poni</span> <span class='ocrx_word' id='word_1_83' title='bbox 1032 774 1163 821; x_wconf 88' lang='lat' dir='ltr'>potest</span> <span class='ocrx_word' id='word_1_84' title='bbox 1193 781 1320 821; x_wconf 86' lang='lat' dir='ltr'>usque</span> <span class='ocrx_word' id='word_1_85' title='bbox 1347 769 1396 808; x_wconf 92' lang='lat' dir='ltr'>ad</span> <span class='ocrx_word' id='word_1_86' title='bbox 1422 768 1520 809; x_wconf 92' lang='lat' dir='ltr'>illud</span> <span class='ocrx_word' id='word_1_87' title='bbox 1545 774 1703 821; x_wconf 88' lang='lat' dir='ltr'>tempus</span> <span class='ocrx_word' id='word_1_88' title='bbox 1724 768 1888 810; x_wconf 87' lang='lat' dir='ltr'>Graecis</span> 
     </span>
     <span class='ocr_line' id='line_1_11' title="bbox 314 834 1888 888; baseline 0 -13"><span class='ocrx_word' id='word_1_89' title='bbox 314 837 457 888; x_wconf 87' lang='lat' dir='ltr'>ignota.</span> <span class='ocrx_word' id='word_1_90' title='bbox 484 837 559 875; x_wconf 87' lang='lat' dir='ltr'>etsi</span> <span class='ocrx_word' id='word_1_91' title='bbox 584 835 795 874; x_wconf 88' lang='lat' dir='ltr'>Persarum</span> <span class='ocrx_word' id='word_1_92' title='bbox 821 846 886 874; x_wconf 87' lang='lat' dir='ltr'>res</span> <span class='ocrx_word' id='word_1_93' title='bbox 912 839 1042 885; x_wconf 88' lang='lat' dir='ltr'>gestas</span> <span class='ocrx_word' id='word_1_94' title='bbox 1068 847 1147 873; x_wconf 91' lang='lat' dir='ltr'>non</span> <span class='ocrx_word' id='word_1_95' title='bbox 1172 846 1338 886; x_wconf 90' lang='lat' dir='ltr'>prorsus</span> <span class='ocrx_word' id='word_1_96' title='bbox 1364 834 1554 874; x_wconf 88' lang='lat' dir='ltr'>obscuras</span> <span class='ocrx_word' id='word_1_97' title='bbox 1581 835 1704 874; x_wconf 89' lang='lat' dir='ltr'>fuisse</span> <span class='ocrx_word' id='word_1_98' title='bbox 1723 834 1888 875; x_wconf 81' lang='lat' dir='ltr'>Atheni-</span> 
     </span>
     <span class='ocr_line' id='line_1_12' title="bbox 316 897 1886 952; baseline 0 -12"><span class='ocrx_word' id='word_1_99' title='bbox 316 900 478 940; x_wconf 88' lang='lat' dir='ltr'>ensibus</span> <span class='ocrx_word' id='word_1_100' title='bbox 514 900 761 952; x_wconf 91' lang='lat' dir='ltr'>intellegitur</span> <span class='ocrx_word' id='word_1_101' title='bbox 791 912 840 940; x_wconf 90' lang='lat' dir='ltr'>ex</span> <span class='ocrx_word' id='word_1_102' title='bbox 871 899 1054 952; x_wconf 84' lang='lat' dir='ltr'>Aeschyli</span> <span class='ocrx_word' id='word_1_103' title='bbox 1078 900 1186 940; x_wconf 87' lang='lat' dir='ltr'>Pers.</span> <span class='ocrx_word' id='word_1_104' title='bbox 1221 913 1279 939; x_wconf 75' lang='lat' dir='ltr'>vv,</span> <span class='ocrx_word' id='word_1_105' title='bbox 1309 897 1393 939; x_wconf 83' lang='lat'>765</span> <span class='ocrx_word' id='word_1_106' title='bbox 1409 913 1478 939; x_wconf 89' lang='lat' dir='ltr'>ss.:</span> <span class='ocrx_word' id='word_1_107' title='bbox 1518 899 1703 952; x_wconf 89' lang='lat' dir='ltr'>equidem</span> <span class='ocrx_word' id='word_1_108' title='bbox 1729 906 1886 952; x_wconf 89' lang='lat' dir='ltr'>poetam</span> 
     </span>
     <span class='ocr_line' id='line_1_13' title="bbox 314 960 1947 1019; baseline -0.001 -13"><span class='ocrx_word' id='word_1_109' title='bbox 314 978 431 1006; x_wconf 88' lang='lat' dir='ltr'>usum</span> <span class='ocrx_word' id='word_1_110' title='bbox 457 978 546 1006; x_wconf 87' lang='lat' dir='ltr'>esse</span> <span class='ocrx_word' id='word_1_111' title='bbox 572 966 701 1017; x_wconf 90' lang='lat' dir='ltr'>aliqua</span> <span class='ocrx_word' id='word_1_112' title='bbox 733 964 924 1005; x_wconf 84' lang='lat' dir='ltr'>relatione</span> <span class='ocrx_word' id='word_1_113' title='bbox 958 965 1103 1005; x_wconf 90' lang='lat' dir='ltr'>litteris</span> <span class='ocrx_word' id='word_1_114' title='bbox 1135 965 1278 1005; x_wconf 89' lang='lat' dir='ltr'>tradita</span> <span class='ocrx_word' id='word_1_115' title='bbox 1310 965 1551 1004; x_wconf 89' lang='lat' dir='ltr'>crediderim</span> <span class='ocrx_word' id='word_1_116' title='bbox 1577 961 1703 1019; x_wconf 88' lang='lat' dir='ltr'>(haud</span> <span class='ocrx_word' id='word_1_117' title='bbox 1729 967 1812 1006; x_wconf 92' lang='lat' dir='ltr'>scio</span> <span class='ocrx_word' id='word_1_118' title='bbox 1839 977 1890 1005; x_wconf 90' lang='lat' dir='ltr'>an</span> <span class='ocrx_word' id='word_1_119' title='bbox 1943 960 1947 964; x_wconf 67' lang='grc'>’</span> 
     </span>
     <span class='ocr_line' id='line_1_14' title="bbox 314 1027 1888 1086; baseline -0.001 -15"><span class='ocrx_word' id='word_1_120' title='bbox 314 1027 538 1086; x_wconf 86' lang='lat' dir='ltr'>Hecataei);</span> <span class='ocrx_word' id='word_1_121' title='bbox 570 1032 679 1083; x_wconf 88' lang='lat' dir='ltr'>atqui</span> <span class='ocrx_word' id='word_1_122' title='bbox 705 1043 820 1083; x_wconf 90' lang='lat' dir='ltr'>quam</span> <span class='ocrx_word' id='word_1_123' title='bbox 851 1031 940 1070; x_wconf 85' lang='lat' dir='ltr'>vilis</span> <span class='ocrx_word' id='word_1_124' title='bbox 967 1036 1053 1071; x_wconf 88' lang='lat' dir='ltr'>erat</span> <span class='ocrx_word' id='word_1_125' title='bbox 1083 1030 1148 1071; x_wconf 89' lang='lat' dir='ltr'>ille</span> <span class='ocrx_word' id='word_1_126' title='bbox 1175 1030 1279 1070; x_wconf 91' lang='lat' dir='ltr'>fons!</span> <span class='ocrx_word' id='word_1_127' title='bbox 1317 1037 1357 1070; x_wconf 88' lang='lat' dir='ltr'>et</span> <span class='ocrx_word' id='word_1_128' title='bbox 1388 1030 1482 1070; x_wconf 88' lang='lat' dir='ltr'>licet</span> <span class='ocrx_word' id='word_1_129' title='bbox 1513 1030 1737 1083; x_wconf 86' lang='lat' dir='ltr'>complures</span> <span class='ocrx_word' id='word_1_130' title='bbox 1764 1035 1804 1070; x_wconf 94' lang='lat' dir='ltr'>et</span> <span class='ocrx_word' id='word_1_131' title='bbox 1830 1030 1888 1070; x_wconf 91' lang='lat' dir='ltr'>di-</span> 
     </span>
     <span class='ocr_line' id='line_1_15' title="bbox 314 1095 1888 1148; baseline 0 -13"><span class='ocrx_word' id='word_1_132' title='bbox 314 1109 451 1137; x_wconf 88' lang='lat' dir='ltr'>versae</span> <span class='ocrx_word' id='word_1_133' title='bbox 478 1096 525 1136; x_wconf 91' lang='lat' dir='ltr'>de</span> <span class='ocrx_word' id='word_1_134' title='bbox 551 1096 651 1148; x_wconf 86' lang='lat' dir='ltr'>Cyro</span> <span class='ocrx_word' id='word_1_135' title='bbox 682 1097 929 1135; x_wconf 87' lang='lat' dir='ltr'>narrationes</span> <span class='ocrx_word' id='word_1_136' title='bbox 961 1101 1119 1148; x_wconf 86' lang='lat' dir='ltr'>praesto</span> <span class='ocrx_word' id='word_1_137' title='bbox 1153 1101 1297 1148; x_wconf 87' lang='lat' dir='ltr'>essent,</span> <span class='ocrx_word' id='word_1_138' title='bbox 1333 1095 1548 1147; x_wconf 87' lang='lat' dir='ltr'>Sophocles</span> <span class='ocrx_word' id='word_1_139' title='bbox 1581 1095 1792 1135; x_wconf 84' lang='lat' dir='ltr'>adhibebat</span> <span class='ocrx_word' id='word_1_140' title='bbox 1825 1097 1888 1136; x_wconf 87' lang='lat' dir='ltr'>sui</span> 
     </span>
     <span class='ocr_line' id='line_1_16' title="bbox 315 1158 1887 1215; baseline -0.002 -12"><span class='ocrx_word' id='word_1_141' title='bbox 315 1163 557 1214; x_wconf 87' lang='lat' dir='ltr'>amicissimi,</span> <span class='ocrx_word' id='word_1_142' title='bbox 576 1158 895 1215; x_wconf 79' lang='lat' dir='ltr'>Herodoteam1).</span> <span class='ocrx_word' id='word_1_143' title='bbox 946 1163 1064 1201; x_wconf 85' lang='lat' dir='ltr'>etiam</span> <span class='ocrx_word' id='word_1_144' title='bbox 1091 1160 1254 1213; x_wconf 85' lang='lat' dir='ltr'>Ctesias,</span> <span class='ocrx_word' id='word_1_145' title='bbox 1282 1174 1372 1200; x_wconf 90' lang='lat' dir='ltr'>cum</span> <span class='ocrx_word' id='word_1_146' title='bbox 1399 1173 1469 1200; x_wconf 88' lang='lat' dir='ltr'>suo</span> <span class='ocrx_word' id='word_1_147' title='bbox 1496 1166 1622 1200; x_wconf 87' lang='lat' dir='ltr'>marte</span> <span class='ocrx_word' id='word_1_148' title='bbox 1650 1160 1742 1213; x_wconf 77' lang='lat' dir='ltr'>Cyri</span> <span class='ocrx_word' id='word_1_149' title='bbox 1767 1162 1887 1201; x_wconf 88' lang='lat' dir='ltr'>vitam</span> 
     </span>
     <span class='ocr_line' id='line_1_17' title="bbox 315 1222 1887 1280; baseline -0.001 -12"><span class='ocrx_word' id='word_1_150' title='bbox 315 1228 496 1280; x_wconf 84' lang='lat' dir='ltr'>referret,</span> <span class='ocrx_word' id='word_1_151' title='bbox 531 1232 722 1280; x_wconf 89' lang='lat' dir='ltr'>quantum</span> <span class='ocrx_word' id='word_1_152' title='bbox 756 1231 922 1279; x_wconf 91' lang='lat' dir='ltr'>poterat,</span> <span class='ocrx_word' id='word_1_153' title='bbox 960 1226 1217 1278; x_wconf 86' lang='lat' dir='ltr'>impugnabat</span> <span class='ocrx_word' id='word_1_154' title='bbox 1254 1226 1400 1266; x_wconf 88' lang='lat' dir='ltr'>Hdtum</span> <span class='ocrx_word' id='word_1_155' title='bbox 1441 1222 1503 1280; x_wconf 89' lang='lat' dir='ltr'>(ut</span> <span class='ocrx_word' id='word_1_156' title='bbox 1540 1225 1687 1266; x_wconf 85' lang='lat' dir='ltr'>diserte</span> <span class='ocrx_word' id='word_1_157' title='bbox 1723 1226 1887 1266; x_wconf 90' lang='lat' dir='ltr'>Photius</span> 
     </span>
     <span class='ocr_line' id='line_1_18' title="bbox 314 1289 1887 1347; baseline -0.001 -14"><span class='ocrx_word' id='word_1_158' title='bbox 314 1289 562 1347; x_wconf 86' lang='lat' dir='ltr'>profitetur):</span> <span class='ocrx_word' id='word_1_159' title='bbox 589 1292 630 1332; x_wconf 94' lang='lat' dir='ltr'>id</span> <span class='ocrx_word' id='word_1_160' title='bbox 656 1292 760 1344; x_wconf 93' lang='lat' dir='ltr'>quod</span> <span class='ocrx_word' id='word_1_161' title='bbox 786 1305 865 1331; x_wconf 90' lang='lat' dir='ltr'>non</span> <span class='ocrx_word' id='word_1_162' title='bbox 892 1293 1062 1344; x_wconf 85' lang='lat' dir='ltr'>fecisset,</span> <span class='ocrx_word' id='word_1_163' title='bbox 1089 1293 1167 1331; x_wconf 91' lang='lat' dir='ltr'>nisi</span> <span class='ocrx_word' id='word_1_164' title='bbox 1192 1293 1366 1331; x_wconf 86' lang='lat' dir='ltr'>narratio</span> <span class='ocrx_word' id='word_1_165' title='bbox 1392 1290 1518 1331; x_wconf 89' lang='lat' dir='ltr'>Hdtea</span> <span class='ocrx_word' id='word_1_166' title='bbox 1546 1292 1687 1331; x_wconf 88' lang='lat' dir='ltr'>fuisset</span> <span class='ocrx_word' id='word_1_167' title='bbox 1711 1291 1794 1331; x_wconf 93' lang='lat' dir='ltr'>sola</span> <span class='ocrx_word' id='word_1_168' title='bbox 1819 1296 1887 1332; x_wconf 90' lang='lat' dir='ltr'>aut</span> 
     </span>
     <span class='ocr_line' id='line_1_19' title="bbox 314 1357 1052 1410; baseline -0.003 -12"><span class='ocrx_word' id='word_1_169' title='bbox 314 1360 477 1398; x_wconf 88' lang='lat' dir='ltr'>minime</span> <span class='ocrx_word' id='word_1_170' title='bbox 503 1359 735 1410; x_wconf 86' lang='lat' dir='ltr'>gravissima</span> <span class='ocrx_word' id='word_1_171' title='bbox 762 1357 923 1397; x_wconf 86' lang='lat' dir='ltr'>Graecis</span> <span class='ocrx_word' id='word_1_172' title='bbox 949 1363 1052 1396; x_wconf 87' lang='lat' dir='ltr'>nota.</span> 
     </span>
    </p>
   </div>
   <div class='ocr_carea' id='block_1_3' title="bbox 582 1482 1615 1523">
    <p class='ocr_par' dir='ltr' id='par_1_4' title="bbox 582 1482 1615 1523">
     <span class='ocr_line' id='line_1_20' title="bbox 582 1482 1615 1523; baseline -0.004 0"><span class='ocrx_word' id='word_1_173' title='bbox 582 1483 622 1523; x_wconf 82' lang='lat' dir='ltr'>O.</span> <span class='ocrx_word' id='word_1_174' title='bbox 650 1484 720 1522; x_wconf 79' lang='lat' dir='ltr'>DE</span> <span class='ocrx_word' id='word_1_175' title='bbox 747 1483 888 1521; x_wconf 87' lang='lat' dir='ltr'>ALIIS</span> <span class='ocrx_word' id='word_1_176' title='bbox 914 1482 1320 1522; x_wconf 79' lang='lat' dir='ltr'>EXPOSITIONUM</span> <span class='ocrx_word' id='word_1_177' title='bbox 1345 1482 1615 1521; x_wconf 83' lang='lat' dir='ltr'><strong>FABELLIS.</strong></span> 
     </span>
    </p>
   </div>
   <div class='ocr_carea' id='block_1_4' title="bbox 315 1563 1889 2596">
    <p class='ocr_par' dir='ltr' id='par_1_5' title="bbox 315 1563 1889 1880">
     <span class='ocr_line' id='line_1_21' title="bbox 374 1563 1888 1618; baseline -0.002 -12"><span class='ocrx_word' id='word_1_178' title='bbox 374 1568 492 1618; x_wconf 90' lang='lat' dir='ltr'>Atqui</span> <span class='ocrx_word' id='word_1_179' title='bbox 505 1578 642 1606; x_wconf 88' lang='lat' dir='ltr'>omnes</span> <span class='ocrx_word' id='word_1_180' title='bbox 655 1565 839 1604; x_wconf 90' lang='lat' dir='ltr'>videlicet</span> <span class='ocrx_word' id='word_1_181' title='bbox 852 1565 940 1604; x_wconf 91' lang='lat' dir='ltr'>illas</span> <span class='ocrx_word' id='word_1_182' title='bbox 960 1567 1087 1604; x_wconf 90' lang='lat' dir='ltr'>varias</span> <span class='ocrx_word' id='word_1_183' title='bbox 1108 1565 1399 1616; x_wconf 90' lang='lat' dir='ltr'>expositionum</span> <span class='ocrx_word' id='word_1_184' title='bbox 1414 1564 1587 1616; x_wconf 88' lang='lat' dir='ltr'>fabellas,</span> <span class='ocrx_word' id='word_1_185' title='bbox 1608 1576 1709 1616; x_wconf 84' lang='lat' dir='ltr'>quae</span> <span class='ocrx_word' id='word_1_186' title='bbox 1725 1563 1888 1603; x_wconf 88' lang='lat' dir='ltr'>Graecis</span> 
     </span>
     <span class='ocr_line' id='line_1_22' title="bbox 315 1628 1887 1684; baseline -0.003 -12"><span class='ocrx_word' id='word_1_187' title='bbox 315 1631 626 1682; x_wconf 86' lang='lat' dir='ltr'>innotescebant,</span> <span class='ocrx_word' id='word_1_188' title='bbox 651 1632 777 1682; x_wconf 90' lang='lat' dir='ltr'>magis</span> <span class='ocrx_word' id='word_1_189' title='bbox 803 1632 983 1670; x_wconf 90' lang='lat' dir='ltr'>minusve</span> <span class='ocrx_word' id='word_1_190' title='bbox 1003 1630 1172 1670; x_wconf 88' lang='lat' dir='ltr'>valuisse</span> <span class='ocrx_word' id='word_1_191' title='bbox 1201 1630 1364 1669; x_wconf 89' lang='lat' dir='ltr'>alteram</span> <span class='ocrx_word' id='word_1_192' title='bbox 1391 1629 1439 1669; x_wconf 83' lang='lat' dir='ltr'>ad</span> <span class='ocrx_word' id='word_1_193' title='bbox 1465 1630 1629 1669; x_wconf 90' lang='lat' dir='ltr'>alteram</span> <span class='ocrx_word' id='word_1_194' title='bbox 1654 1628 1887 1684; x_wconf 79' lang='lat' dir='ltr'>augendam,</span> 
     </span>
     <span class='ocr_line' id='line_1_23' title="bbox 316 1694 1886 1749; baseline -0.002 -12"><span class='ocrx_word' id='word_1_195' title='bbox 316 1697 481 1749; x_wconf 90' lang='lat' dir='ltr'>singulis</span> <span class='ocrx_word' id='word_1_196' title='bbox 507 1697 752 1749; x_wconf 83' lang='lat' dir='ltr'>argumentis</span> <span class='ocrx_word' id='word_1_197' title='bbox 772 1697 985 1747; x_wconf 88' lang='lat' dir='ltr'>assumptis</span> <span class='ocrx_word' id='word_1_198' title='bbox 1012 1701 1078 1736; x_wconf 90' lang='lat' dir='ltr'>aut</span> <span class='ocrx_word' id='word_1_199' title='bbox 1098 1695 1366 1747; x_wconf 88' lang='lat' dir='ltr'>commodatis,</span> <span class='ocrx_word' id='word_1_200' title='bbox 1392 1695 1573 1747; x_wconf 83' lang='lat' dir='ltr'>profiteri</span> <span class='ocrx_word' id='word_1_201' title='bbox 1597 1694 1703 1734; x_wconf 85' lang='lat' dir='ltr'>haud</span> <span class='ocrx_word' id='word_1_202' title='bbox 1731 1694 1886 1748; x_wconf 81' lang='lat' dir='ltr'>dubito3</span> 
     </span>
     <span class='ocr_line' id='line_1_24' title="bbox 317 1760 1889 1813; baseline -0.003 -10"><span class='ocrx_word' id='word_1_203' title='bbox 317 1765 391 1803; x_wconf 90' lang='lat' dir='ltr'>etsi</span> <span class='ocrx_word' id='word_1_204' title='bbox 415 1763 554 1802; x_wconf 88' lang='lat' dir='ltr'>harum</span> <span class='ocrx_word' id='word_1_205' title='bbox 581 1761 811 1801; x_wconf 86' lang='lat' dir='ltr'>fabellarum</span> <span class='ocrx_word' id='word_1_206' title='bbox 837 1774 949 1800; x_wconf 89' lang='lat' dir='ltr'>suam</span> <span class='ocrx_word' id='word_1_207' title='bbox 975 1773 1154 1813; x_wconf 92' lang='lat' dir='ltr'>quaeque</span> <span class='ocrx_word' id='word_1_208' title='bbox 1180 1760 1344 1813; x_wconf 89' lang='lat' dir='ltr'>praehet</span> <span class='ocrx_word' id='word_1_209' title='bbox 1364 1767 1507 1812; x_wconf 90' lang='lat' dir='ltr'>notam,</span> <span class='ocrx_word' id='word_1_210' title='bbox 1534 1773 1610 1812; x_wconf 90' lang='lat' dir='ltr'>qua</span> <span class='ocrx_word' id='word_1_211' title='bbox 1631 1760 1889 1811; x_wconf 86' lang='lat' dir='ltr'>distinguitur</span> 
     </span>
     <span class='ocr_line' id='line_1_25' title="bbox 317 1828 538 1880; baseline -0.009 -12"><span class='ocrx_word' id='word_1_212' title='bbox 317 1842 337 1868; x_wconf 89' lang='lat' dir='ltr'>a</span> <span class='ocrx_word' id='word_1_213' title='bbox 364 1828 538 1880; x_wconf 89' lang='lat' dir='ltr'>reliquis.</span> 
     </span>
    </p>

    <p class='ocr_par' dir='ltr' id='par_1_6' title="bbox 316 1887 1889 2335">
     <span class='ocr_line' id='line_1_26' title="bbox 375 1887 1889 1945; baseline -0.001 -13"><span class='ocrx_word' id='word_1_214' title='bbox 375 1894 509 1945; x_wconf 88' lang='lat' dir='ltr'>Itaque</span> <span class='ocrx_word' id='word_1_215' title='bbox 536 1892 622 1932; x_wconf 91' lang='lat' dir='ltr'>aliis</span> <span class='ocrx_word' id='word_1_216' title='bbox 648 1904 804 1943; x_wconf 90' lang='lat' dir='ltr'>quoque</span> <span class='ocrx_word' id='word_1_217' title='bbox 830 1892 928 1931; x_wconf 93' lang='lat' dir='ltr'>locis</span> <span class='ocrx_word' id='word_1_218' title='bbox 954 1890 1045 1942; x_wconf 80' lang='lat' dir='ltr'>Cyri</span> <span class='ocrx_word' id='word_1_219' title='bbox 1077 1890 1248 1930; x_wconf 86' lang='lat' dir='ltr'>fabulam</span> <span class='ocrx_word' id='word_1_220' title='bbox 1273 1890 1440 1930; x_wconf 91' lang='lat' dir='ltr'>Hdteam</span> <span class='ocrx_word' id='word_1_221' title='bbox 1466 1887 1674 1945; x_wconf 90' lang='lat' dir='ltr'>(nimirum</span> <span class='ocrx_word' id='word_1_222' title='bbox 1702 1895 1889 1942; x_wconf 86' lang='lat' dir='ltr'>quattuor</span> 
     </span>
     <span class='ocr_line' id='line_1_27' title="bbox 317 1952 1886 2009; baseline -0.002 -11"><span class='ocrx_word' id='word_1_223' title='bbox 317 1960 402 1998; x_wconf 92' lang='lat' dir='ltr'>eius</span> <span class='ocrx_word' id='word_1_224' title='bbox 427 1959 631 1997; x_wconf 88' lang='lat' dir='ltr'>versiones</span> <span class='ocrx_word' id='word_1_225' title='bbox 658 1952 851 2009; x_wconf 83' lang='lat' dir='ltr'>diversas)</span> <span class='ocrx_word' id='word_1_226' title='bbox 877 1956 1082 1995; x_wconf 87' lang='lat' dir='ltr'>influxisse</span> <span class='ocrx_word' id='word_1_227' title='bbox 1114 1956 1213 1995; x_wconf 87' lang='lat' dir='ltr'>mihi</span> <span class='ocrx_word' id='word_1_228' title='bbox 1236 1968 1472 2007; x_wconf 88' lang='lat' dir='ltr'>persuasum</span> <span class='ocrx_word' id='word_1_229' title='bbox 1504 1961 1564 1995; x_wconf 89' lang='lat' dir='ltr'>est</span> <span class='ocrx_word' id='word_1_230' title='bbox 1589 1957 1629 1994; x_wconf 88' lang='lat' dir='ltr'>in</span> <span class='ocrx_word' id='word_1_231' title='bbox 1656 1960 1886 2007; x_wconf 84' lang='lat' dir='ltr'>argumenta</span> 
     </span>
     <span class='ocr_line' id='line_1_28' title="bbox 316 2020 1886 2074; baseline -0.001 -12"><span class='ocrx_word' id='word_1_232' title='bbox 316 2022 607 2074; x_wconf 89' lang='lat' dir='ltr'>tragoediarum</span> <span class='ocrx_word' id='word_1_233' title='bbox 628 2021 860 2074; x_wconf 88' lang='lat' dir='ltr'>Sophoclea:</span> <span class='ocrx_word' id='word_1_234' title='bbox 887 2034 1004 2073; x_wconf 88' lang='lat' dir='ltr'>quam</span> <span class='ocrx_word' id='word_1_235' title='bbox 1025 2022 1299 2060; x_wconf 87' lang='lat' dir='ltr'>auctoritatem</span> <span class='ocrx_word' id='word_1_236' title='bbox 1325 2022 1537 2072; x_wconf 91' lang='lat' dir='ltr'>quominus</span> <span class='ocrx_word' id='word_1_237' title='bbox 1564 2020 1612 2059; x_wconf 92' lang='lat' dir='ltr'>ad</span> <span class='ocrx_word' id='word_1_238' title='bbox 1633 2021 1751 2060; x_wconf 83' lang='lat' dir='ltr'>tinem</span> <span class='ocrx_word' id='word_1_239' title='bbox 1778 2020 1886 2061; x_wconf 89' lang='lat' dir='ltr'>dete-</span> 
     </span>
     <span class='ocr_line' id='line_1_29' title="bbox 317 2080 1885 2140; baseline -0.002 -13"><span class='ocrx_word' id='word_1_240' title='bbox 317 2100 465 2140; x_wconf 84' lang='lat' dir='ltr'>gamus,</span> <span class='ocrx_word' id='word_1_241' title='bbox 491 2087 750 2140; x_wconf 89' lang='lat' dir='ltr'>prohibemur</span> <span class='ocrx_word' id='word_1_242' title='bbox 770 2092 809 2125; x_wconf 87' lang='lat' dir='ltr'>et</span> <span class='ocrx_word' id='word_1_243' title='bbox 827 2088 926 2138; x_wconf 90' lang='lat' dir='ltr'>ipsis</span> <span class='ocrx_word' id='word_1_244' title='bbox 946 2088 1190 2137; x_wconf 84' lang='lat' dir='ltr'>argumentis</span> <span class='ocrx_word' id='word_1_245' title='bbox 1210 2087 1330 2125; x_wconf 91' lang='lat' dir='ltr'>nimis</span> <span class='ocrx_word' id='word_1_246' title='bbox 1347 2080 1524 2125; x_wconf 78' lang='lat' dir='ltr'>tenuiter</span> <span class='ocrx_word' id='word_1_247' title='bbox 1542 2085 1699 2125; x_wconf 86' lang='lat' dir='ltr'>traditis</span> <span class='ocrx_word' id='word_1_248' title='bbox 1721 2090 1760 2125; x_wconf 91' lang='lat' dir='ltr'>et</span> <span class='ocrx_word' id='word_1_249' title='bbox 1779 2085 1885 2137; x_wconf 88' lang='lat' dir='ltr'>quod</span> 
     </span>
     <span class='ocr_line' id='line_1_30' title="bbox 318 2151 1884 2203; baseline -0.001 -11"><span class='ocrx_word' id='word_1_250' title='bbox 318 2154 491 2192; x_wconf 89' lang='lat' dir='ltr'>omnium</span> <span class='ocrx_word' id='word_1_251' title='bbox 520 2153 600 2191; x_wconf 89' lang='lat' dir='ltr'>fere</span> <span class='ocrx_word' id='word_1_252' title='bbox 627 2151 848 2191; x_wconf 90' lang='lat' dir='ltr'>fabularum</span> <span class='ocrx_word' id='word_1_253' title='bbox 880 2151 1045 2191; x_wconf 91' lang='lat' dir='ltr'>historia</span> <span class='ocrx_word' id='word_1_254' title='bbox 1080 2151 1194 2191; x_wconf 91' lang='lat' dir='ltr'>nobis</span> <span class='ocrx_word' id='word_1_255' title='bbox 1227 2156 1379 2191; x_wconf 84' lang='lat' dir='ltr'>servata</span> <span class='ocrx_word' id='word_1_256' title='bbox 1411 2157 1472 2191; x_wconf 90' lang='lat' dir='ltr'>est</span> <span class='ocrx_word' id='word_1_257' title='bbox 1497 2163 1636 2202; x_wconf 88' lang='lat' dir='ltr'>parum</span> <span class='ocrx_word' id='word_1_258' title='bbox 1662 2151 1884 2203; x_wconf 90' lang='lat' dir='ltr'>perspicua.</span> 
     </span>
     <span class='ocr_line' id='line_1_31' title="bbox 317 2217 1886 2271; baseline -0.002 -13"><span class='ocrx_word' id='word_1_259' title='bbox 317 2231 434 2271; x_wconf 90' lang='lat' dir='ltr'>quam</span> <span class='ocrx_word' id='word_1_260' title='bbox 467 2218 515 2257; x_wconf 92' lang='lat' dir='ltr'>ob</span> <span class='ocrx_word' id='word_1_261' title='bbox 551 2230 708 2258; x_wconf 89' lang='lat' dir='ltr'>causam</span> <span class='ocrx_word' id='word_1_262' title='bbox 740 2217 871 2269; x_wconf 87' lang='lat' dir='ltr'>aliqua</span> <span class='ocrx_word' id='word_1_263' title='bbox 897 2218 1061 2268; x_wconf 88' lang='lat' dir='ltr'>vestigia</span> <span class='ocrx_word' id='word_1_264' title='bbox 1093 2218 1220 2256; x_wconf 90' lang='lat' dir='ltr'>conici</span> <span class='ocrx_word' id='word_1_265' title='bbox 1251 2222 1406 2256; x_wconf 89' lang='lat' dir='ltr'>tantum</span> <span class='ocrx_word' id='word_1_266' title='bbox 1438 2222 1604 2268; x_wconf 90' lang='lat' dir='ltr'>possunt</span> <span class='ocrx_word' id='word_1_267' title='bbox 1636 2217 1785 2255; x_wconf 88' lang='lat' dir='ltr'>maiore</span> <span class='ocrx_word' id='word_1_268' title='bbox 1818 2221 1886 2256; x_wconf 91' lang='lat' dir='ltr'>aut</span> 
     </span>
     <span class='ocr_line' id='line_1_32' title="bbox 317 2283 783 2335; baseline -0.002 -12"><span class='ocrx_word' id='word_1_269' title='bbox 317 2286 470 2323; x_wconf 90' lang='lat' dir='ltr'>minore</span> <span class='ocrx_word' id='word_1_270' title='bbox 496 2283 783 2335; x_wconf 88' lang='lat' dir='ltr'>probabilitate.</span> 
     </span>
    </p>

    <p class='ocr_par' dir='ltr' id='par_1_7' title="bbox 318 2346 1885 2596">
     <span class='ocr_line' id='line_1_33' title="bbox 376 2346 1883 2400; baseline -0.001 -13"><span class='ocrx_word' id='word_1_271' title='bbox 376 2348 458 2388; x_wconf 85' lang='lat' dir='ltr'>Hoc</span> <span class='ocrx_word' id='word_1_272' title='bbox 488 2348 603 2387; x_wconf 92' lang='lat' dir='ltr'>modo</span> <span class='ocrx_word' id='word_1_273' title='bbox 636 2348 683 2387; x_wconf 96' lang='lat' dir='ltr'>de</span> <span class='ocrx_word' id='word_1_274' title='bbox 714 2347 929 2400; x_wconf 87' lang='lat' dir='ltr'>Oedipodis</span> <span class='ocrx_word' id='word_1_275' title='bbox 961 2349 1207 2399; x_wconf 88' lang='lat' dir='ltr'>expositione</span> <span class='ocrx_word' id='word_1_276' title='bbox 1245 2359 1599 2387; x_wconf 88' lang='lat' dir='ltr'>commemoramus</span> <span class='ocrx_word' id='word_1_277' title='bbox 1631 2347 1734 2399; x_wconf 91' lang='lat' dir='ltr'>apud</span> <span class='ocrx_word' id='word_1_278' title='bbox 1766 2346 1883 2399; x_wconf 91' lang='lat' dir='ltr'>Soph.</span> 
     </span>
     <span class='ocr_line' id='line_1_34' title="bbox 319 2409 1885 2468; baseline -0.001 -15"><span class='ocrx_word' id='word_1_279' title='bbox 319 2419 431 2465; x_wconf 89' lang='lat' dir='ltr'>partu</span> <span class='ocrx_word' id='word_1_280' title='bbox 452 2413 601 2453; x_wconf 89' lang='lat' dir='ltr'>editum</span> <span class='ocrx_word' id='word_1_281' title='bbox 622 2413 699 2452; x_wconf 90' lang='lat' dir='ltr'>die</span> <span class='ocrx_word' id='word_1_282' title='bbox 726 2415 871 2452; x_wconf 88' lang='lat' dir='ltr'>tertio</span> <span class='ocrx_word' id='word_1_283' title='bbox 899 2410 1012 2467; x_wconf 82' lang='lat' dir='ltr'>(Oed.</span> <span class='ocrx_word' id='word_1_284' title='bbox 1032 2413 1125 2465; x_wconf 87' lang='lat' dir='ltr'>Reg.</span> <span class='ocrx_word' id='word_1_285' title='bbox 1148 2411 1230 2452; x_wconf 83' lang='lat'>717</span> <span class='ocrx_word' id='word_1_286' title='bbox 1248 2409 1298 2468; x_wconf 87' lang='lat' dir='ltr'>s.)</span> <span class='ocrx_word' id='word_1_287' title='bbox 1324 2414 1366 2452; x_wconf 93' lang='lat' dir='ltr'>in</span> <span class='ocrx_word' id='word_1_288' title='bbox 1386 2413 1617 2464; x_wconf 88' lang='lat' dir='ltr'>asperrimis</span> <span class='ocrx_word' id='word_1_289' title='bbox 1637 2412 1885 2452; x_wconf 86' lang='lat' dir='ltr'>Cithaeronis</span> 
     </span>
     <span class='ocr_line' id='line_1_35' title="bbox 318 2478 1884 2530; baseline 0.001 -13"><span class='ocrx_word' id='word_1_290' title='bbox 318 2478 481 2518; x_wconf 87' lang='lat' dir='ltr'>saltibus</span> <span class='ocrx_word' id='word_1_291' title='bbox 508 2479 667 2530; x_wconf 88' lang='lat' dir='ltr'>exponi:</span> <span class='ocrx_word' id='word_1_292' title='bbox 700 2484 739 2518; x_wconf 92' lang='lat' dir='ltr'>et</span> <span class='ocrx_word' id='word_1_293' title='bbox 770 2479 915 2518; x_wconf 89' lang='lat' dir='ltr'>tertio</span> <span class='ocrx_word' id='word_1_294' title='bbox 950 2478 1024 2518; x_wconf 93' lang='lat' dir='ltr'>die</span> <span class='ocrx_word' id='word_1_295' title='bbox 1055 2480 1234 2530; x_wconf 85' lang='lat' dir='ltr'>Astyagis</span> <span class='ocrx_word' id='word_1_296' title='bbox 1260 2478 1449 2518; x_wconf 89' lang='lat' dir='ltr'>satellites</span> <span class='ocrx_word' id='word_1_297' title='bbox 1475 2479 1638 2517; x_wconf 90' lang='lat' dir='ltr'>veniunt</span> <span class='ocrx_word' id='word_1_298' title='bbox 1663 2482 1884 2530; x_wconf 85' lang='lat' dir='ltr'>spectatum</span> 
     </span>
     <span class='ocr_line' id='line_1_36' title="bbox 318 2543 1885 2596; baseline 0 -13"><span class='ocrx_word' id='word_1_299' title='bbox 318 2545 357 2583; x_wconf 91' lang='lat' dir='ltr'>in</span> <span class='ocrx_word' id='word_1_300' title='bbox 384 2547 537 2583; x_wconf 89' lang='lat' dir='ltr'>montes</span> <span class='ocrx_word' id='word_1_301' title='bbox 564 2548 703 2583; x_wconf 88' lang='lat' dir='ltr'>vastos.</span> <span class='ocrx_word' id='word_1_302' title='bbox 730 2566 776 2571; x_wconf 88' lang='lat'>—</span> <span class='ocrx_word' id='word_1_303' title='bbox 801 2549 868 2583; x_wconf 87' lang='lat' dir='ltr'>aut</span> <span class='ocrx_word' id='word_1_304' title='bbox 892 2545 1024 2595; x_wconf 89' lang='lat' dir='ltr'>potius</span> <span class='ocrx_word' id='word_1_305' title='bbox 1056 2545 1090 2583; x_wconf 92' lang='lat' dir='ltr'>is</span> <span class='ocrx_word' id='word_1_306' title='bbox 1118 2545 1185 2596; x_wconf 93' lang='lat' dir='ltr'>qui</span> <span class='ocrx_word' id='word_1_307' title='bbox 1208 2543 1399 2583; x_wconf 86' lang='lat' dir='ltr'>infantem</span> <span class='ocrx_word' id='word_1_308' title='bbox 1425 2555 1621 2595; x_wconf 88' lang='lat' dir='ltr'>exponere</span> <span class='ocrx_word' id='word_1_309' title='bbox 1653 2545 1786 2583; x_wconf 88' lang='lat' dir='ltr'>iussus</span> <span class='ocrx_word' id='word_1_310' title='bbox 1812 2549 1885 2594; x_wconf 87' lang='lat' dir='ltr'>est,</span> 
     </span>
    </p>
   </div>
   <div class='ocr_carea' id='block_1_5' title="bbox 316 2657 1882 2915">
    <p class='ocr_par' dir='ltr' id='par_1_8' title="bbox 316 2657 1882 2809">
     <span class='ocr_line' id='line_1_37' title="bbox 316 2657 1882 2703; baseline 0 -11"><span class='ocrx_word' id='word_1_311' title='bbox 316 2657 383 2692; x_wconf 92' lang='lat' dir='ltr'>Ilio</span> <span class='ocrx_word' id='word_1_312' title='bbox 409 2657 668 2702; x_wconf 79' lang='lat' dir='ltr'>cenotaphium</span> <span class='ocrx_word' id='word_1_313' title='bbox 692 2657 826 2699; x_wconf 86' lang='lat' dir='ltr'>Paridi,</span> <span class='ocrx_word' id='word_1_314' title='bbox 854 2669 964 2702; x_wconf 88' lang='lat' dir='ltr'>quem</span> <span class='ocrx_word' id='word_1_315' title='bbox 995 2659 1123 2693; x_wconf 88' lang='lat' dir='ltr'>natum</span> <span class='ocrx_word' id='word_1_316' title='bbox 1153 2658 1320 2693; x_wconf 79' lang='lat' dir='ltr'>iussisset</span> <span class='ocrx_word' id='word_1_317' title='bbox 1344 2657 1509 2700; x_wconf 85' lang='lat' dir='ltr'>interfici,</span> <span class='ocrx_word' id='word_1_318' title='bbox 1545 2660 1581 2693; x_wconf 92' lang='lat' dir='ltr'>et</span> <span class='ocrx_word' id='word_1_319' title='bbox 1605 2658 1809 2703; x_wconf 77' lang='lat' dir='ltr'>gymnicos,</span> <span class='ocrx_word' id='word_1_320' title='bbox 1841 2657 1882 2692; x_wconf 87' lang='lat' dir='ltr'>in</span> 
     </span>
     <span class='ocr_line' id='line_1_38' title="bbox 318 2710 1881 2755; baseline 0 -11"><span class='ocrx_word' id='word_1_321' title='bbox 318 2711 451 2754; x_wconf 84' lang='lat' dir='ltr'>quibus</span> <span class='ocrx_word' id='word_1_322' title='bbox 478 2711 543 2754; x_wconf 92' lang='lat' dir='ltr'>qui</span> <span class='ocrx_word' id='word_1_323' title='bbox 562 2711 787 2754; x_wconf 78' lang='lat' dir='ltr'>certaverint,</span> <span class='ocrx_word' id='word_1_324' title='bbox 813 2711 1014 2746; x_wconf 82' lang='lat' dir='ltr'>afferuntur</span> <span class='ocrx_word' id='word_1_325' title='bbox 1039 2713 1075 2745; x_wconf 88' lang='lat' dir='ltr'>et</span> <span class='ocrx_word' id='word_1_326' title='bbox 1099 2711 1163 2745; x_wconf 88' lang='lat' dir='ltr'>alii</span> <span class='ocrx_word' id='word_1_327' title='bbox 1189 2713 1225 2745; x_wconf 90' lang='lat' dir='ltr'>et</span> <span class='ocrx_word' id='word_1_328' title='bbox 1243 2710 1345 2745; x_wconf 85' lang='lat' dir='ltr'>Paris</span> <span class='ocrx_word' id='word_1_329' title='bbox 1366 2710 1573 2746; x_wconf 83' lang='lat' dir='ltr'>Alexander</span> <span class='ocrx_word' id='word_1_330' title='bbox 1600 2713 1725 2755; x_wconf 86' lang='lat' dir='ltr'>pastor</span> <span class='ocrx_word' id='word_1_331' title='bbox 1742 2710 1881 2746; x_wconf 78' lang='lat' dir='ltr'>Priami</span> 
     </span>
     <span class='ocr_line' id='line_1_39' title="bbox 319 2764 1665 2809; baseline 0.001 -12"><span class='ocrx_word' id='word_1_332' title='bbox 319 2764 468 2808; x_wconf 83' lang='lat' dir='ltr'>ignarus</span> <span class='ocrx_word' id='word_1_333' title='bbox 494 2764 602 2807; x_wconf 85' lang='lat' dir='ltr'>filius,</span> <span class='ocrx_word' id='word_1_334' title='bbox 629 2765 726 2800; x_wconf 87' lang='lat' dir='ltr'>unde</span> <span class='ocrx_word' id='word_1_335' title='bbox 751 2765 913 2809; x_wconf 86' lang='lat' dir='ltr'>primum</span> <span class='ocrx_word' id='word_1_336' title='bbox 937 2765 1074 2799; x_wconf 81' lang='lat' dir='ltr'>factum</span> <span class='ocrx_word' id='word_1_337' title='bbox 1100 2776 1179 2800; x_wconf 81' lang='lat' dir='ltr'>esse</span> <span class='ocrx_word' id='word_1_338' title='bbox 1204 2764 1331 2799; x_wconf 84' lang='lat' dir='ltr'>atblon</span> <span class='ocrx_word' id='word_1_339' title='bbox 1355 2764 1510 2799; x_wconf 85' lang='lat' dir='ltr'>funebre</span> <span class='ocrx_word' id='word_1_340' title='bbox 1537 2764 1665 2800; x_wconf 84' lang='lat' dir='ltr'>elucet.</span> 
     </span>
    </p>

    <p class='ocr_par' dir='ltr' id='par_1_9' title="bbox 318 2817 1882 2915">
     <span class='ocr_line' id='line_1_40' title="bbox 378 2817 1882 2863; baseline 0.003 -13"><span class='ocrx_word' id='word_1_341' title='bbox 378 2818 411 2861; x_wconf 88' lang='lat'>1)</span> <span class='ocrx_word' id='word_1_342' title='bbox 438 2818 539 2860; x_wconf 89' lang='lat' dir='ltr'>quod</span> <span class='ocrx_word' id='word_1_343' title='bbox 563 2818 644 2852; x_wconf 87' lang='lat' dir='ltr'>dico</span> <span class='ocrx_word' id='word_1_344' title='bbox 670 2820 795 2853; x_wconf 85' lang='lat' dir='ltr'>contra</span> <span class='ocrx_word' id='word_1_345' title='bbox 812 2818 951 2862; x_wconf 83' lang='lat' dir='ltr'>Mayeri</span> <span class='ocrx_word' id='word_1_346' title='bbox 978 2818 1206 2861; x_wconf 84' lang='lat' dir='ltr'>sententiam,</span> <span class='ocrx_word' id='word_1_347' title='bbox 1233 2818 1298 2861; x_wconf 88' lang='lat' dir='ltr'>qui</span> <span class='ocrx_word' id='word_1_348' title='bbox 1325 2817 1360 2862; x_wconf 87' lang='grc'>(1.</span> <span class='ocrx_word' id='word_1_349' title='bbox 1379 2817 1403 2854; x_wconf 92' lang='lat' dir='ltr'>l.</span> <span class='ocrx_word' id='word_1_350' title='bbox 1423 2829 1459 2862; x_wconf 87' lang='lat' dir='ltr'>p.</span> <span class='ocrx_word' id='word_1_351' title='bbox 1482 2819 1540 2863; x_wconf 77' lang='lat'>54)</span> <span class='ocrx_word' id='word_1_352' title='bbox 1566 2818 1769 2854; x_wconf 74' lang='lat' dir='ltr'>Robertum</span> <span class='ocrx_word' id='word_1_353' title='bbox 1792 2819 1882 2854; x_wconf 84' lang='lat' dir='ltr'>tuno</span> 
     </span>
     <span class='ocr_line' id='line_1_41' title="bbox 318 2870 1880 2915; baseline 0.003 -12"><span class='ocrx_word' id='word_1_354' title='bbox 318 2870 393 2904; x_wconf 79' lang='lat' dir='ltr'>iam</span> <span class='ocrx_word' id='word_1_355' title='bbox 418 2881 461 2904; x_wconf 87' lang='lat' dir='ltr'>ex</span> <span class='ocrx_word' id='word_1_356' title='bbox 488 2871 672 2904; x_wconf 87' lang='lat' dir='ltr'>communi</span> <span class='ocrx_word' id='word_1_357' title='bbox 699 2872 807 2905; x_wconf 83' lang='lat' dir='ltr'>Asiae</span> <span class='ocrx_word' id='word_1_358' title='bbox 837 2872 1015 2906; x_wconf 85' lang='lat' dir='ltr'>memoria</span> <span class='ocrx_word' id='word_1_359' title='bbox 1045 2882 1213 2906; x_wconf 84' lang='lat' dir='ltr'>revocare</span> <span class='ocrx_word' id='word_1_360' title='bbox 1245 2871 1432 2906; x_wconf 79' lang='lat' dir='ltr'>contendit</span> <span class='ocrx_word' id='word_1_361' title='bbox 1457 2870 1646 2915; x_wconf 86' lang='lat' dir='ltr'>Sophoclis</span> <span class='ocrx_word' id='word_1_362' title='bbox 1678 2871 1880 2907; x_wconf 78' lang='lat' dir='ltr'>scientiam.</span> 
     </span>
    </p>
   </div>
  </div>
 </body>
</html>
