2106 3320
957 148 1253 190 „23—

327 271 566 313 conferenda
593 276 686 311 sunt
710 269 848 310 verba:
881 267 1077 322 Μήδων
1103 263 1185 322 μὲν
1204 274 1292 309 τῶν
1314 266 1481 310 ἑωυτοῦ
1501 267 1634 319 ἀξίων
1659 267 1813 311 οὐδενὶ
1838 268 1905 311 δι·

327 336 403 378 δοῖ
426 341 630 389 γυναῖκα,
654 358 713 364 -
741 332 763 375 ὁ
791 330 839 374 δὲ
861 331 1035 388 Πέρσῃ
1064 332 1196 387 διδοῖ,
1222 336 1247 374 i.
1275 347 1307 374 e.
1328 334 1532 375 Medorum
1558 335 1729 388 quidem,
1754 337 1905 388 quippe

324 404 392 455 qui
426 402 472 441 ab
507 403 594 454 ipso
626 413 706 440 non
740 402 820 440 sint
852 399 981 451 alieni,
1015 400 1167 439 nemini
1200 411 1285 439 eam
1318 399 1383 438 dat
1414 402 1455 439 in
1487 402 1795 453 matrimonium,
1830 399 1902 441 sed

323 468 466 508 Persae
503 466 677 506 cuidam:
717 465 854 505 eadem
891 466 998 504 enim
1033 466 1186 504 ratione
1217 464 1428 516 Aegisthus
1464 467 1682 506 contemnit
1715 467 1902 506 maritum

323 533 567 585 Argivum,
601 527 700 571 οὐδ’
737 529 897 584 ἥρμοζε
929 528 1109 585 νυμφίῳ
1142 530 1235 570 τινί
1265 525 1317 584 (v.
1345 526 1435 585 24),
1468 530 1538 570 sed
1564 531 1674 583 eligit
1699 543 1803 584 eum,
1833 531 1903 584 qui

323 595 523 651 πατέρων
549 594 631 650 μὲν
658 596 812 647 1Μυκη
825 595 991 635 ναίων
1016 593 1102 635 ἄπο
1129 600 1320 647 γεγῶσιν
1346 590 1399 649 (ν.
1426 591 1514 650 35).

385 669 424 702 et
449 675 539 702 cum
565 661 631 701 illa
658 661 855 701 editorum
888 661 1052 700 mutatio
1085 672 1178 699 sane
1206 661 1258 699 sit
1283 661 1526 712 gravissima,
1560 660 1743 713 equidem
1769 661 1908 713 potius

325 728 440 768 alteri
466 727 630 767 alterius
655 738 795 766 versus
820 727 923 778 parti
949 725 1138 765 mendum
1164 726 1297 764 inesse
1318 722 1617 780 crediderim‚1)
1645 726 1908 766 coniecerimt‘

324 791 603 844 ποινάτοράς,
630 789 712 845 σφ’
746 786 827 845 εἶχ’
854 788 903 831 ἐν
930 789 1084 843 δόμοις
1107 790 1170 829 vel
1195 785 1312 843 εἶχεν
1338 789 1501 842 δόμοις.
1513 787 1546 844 ²)

383 859 520 911 Itaque
547 859 677 897 facere
704 869 783 896 non
810 869 1034 909 possumus,
1067 857 1164 907 quin
1194 855 1429 907 Sophoclem
1456 868 1567 895 suam
1597 854 1908 908 Clytaemestrae

326 925 455 964 somni
482 924 647 963 formam
674 922 927 962 transtulisse
954 923 1241 961 constituamus
1268 933 1315 960 ex
1342 920 1433 960 Hdti
1460 920 1574 960 libris
1605 921 1820 961 historicis.
1865 925 1907 961 et

325 990 502 1042 profecto
528 990 738 1040 utriusque
764 987 842 1027 loci
869 986 1122 1026 condiciones
1150 998 1237 1026 esse
1265 986 1424 1026 easdem
1445 986 1669 1026 evidentius
1690 991 1761 1038 est,
1786 998 1909 1039 quam

325 1061 370 1095 ut
404 1056 597 1094 rationem
629 1055 736 1093 inter
766 1058 980 1104 utrumque
1017 1057 1172 1091 exstare
1208 1053 1448 1091 artissimam
1485 1053 1623 1104 negari
1657 1053 1793 1104 possit.
1837 1048 1911 1104 qu'i

326 1120 436 1160 locus
461 1122 503 1159 in
529 1131 575 1159 eo
603 1131 760 1171 quoque
786 1123 895 1158 tenet
915 1119 1196 1169 principatum,
1223 1116 1328 1168 quod
1354 1116 1481 1156 adhuc
1510 1129 1627 1156 nemo
1652 1116 1742 1157 illos
1766 1128 1912 1157 versus

327 1183 566 1238 Sophocleos
599 1183 770 1224 credidit
794 1184 1037 1235 suppositos:
1070 1188 1151 1222 tota
1184 1183 1290 1221 enim
1325 1182 1454 1222 sabula
1487 1183 1573 1222 sine
1605 1184 1663 1222 eis
1696 1187 1800 1222 stare
1825 1194 1907 1222 non

327 1255 470 1303 potest.
522 1262 569 1289 ex
595 1249 689 1289 Hdti
722 1253 853 1288 autem
880 1249 1107 1288 narratione
1134 1252 1357 1300 assumptos
1385 1259 1472 1286 esse
1498 1260 1637 1287 versus
1663 1247 1809 1287 clarius
1834 1252 1913 1299 estr

328 1328 445 1368 quam
470 1321 515 1355 ut
540 1314 765 1366 aequalium
797 1326 1036 1366 quemquam
1068 1314 1242 1365 potuerit
1268 1313 1461 1364 effugere:
1495 1325 1625 1365 neque
1659 1312 1760 1352 clam
1786 1312 1904 1365 Soph.

327 1381 368 1421 id
406 1386 683 1433 argumentum
723 1379 911 1419 subduxit
947 1378 1062 1418 Hdto.
1099 1378 1204 1430 quod
1241 1390 1334 1418 vero
1374 1378 1604 1430 consilium,
1649 1390 1739 1418 cum
1775 1377 1911 1431 locum

328 1445 499 1485 Hdteum
526 1446 780 1497 exprimeret,
815 1449 931 1496 poeta
959 1444 1116 1495 inierat,
1151 1442 1192 1482 id
1228 1448 1323 1495 erat,
1362 1448 1407 1483 ut
1441 1445 1674 1483 memoriam
1708 1447 1908 1496 repeteret

329 1510 534 1551 cuiusdam
560 1511 799 1549 narrationis
820 1509 1003 1548 omnibus
1023 1513 1139 1548 notae
1159 1521 1204 1548 ac
1224 1513 1369 1560 gratae.
1409 1507 1514 1561 quod
1535 1513 1666 1548 autem
1687 1507 1914 1561 expetebat,

330 1581 374 1616 ut
399 1577 569 1615 amicum
603 1588 692 1614 cum
725 1575 896 1626 afferret,
931 1574 1157 1625 honoraret,
1193 1575 1351 1626 assequi
1383 1586 1463 1613 non
1494 1578 1661 1626 poterat,
1697 1574 1776 1613 nisi
1799 1573 1910 1613 illam

330 1643 597 1681 narrationem
623 1641 825 1692 plerisque
852 1639 1142 1692 spectatoribus
1174 1641 1422 1679 notissimam
1447 1652 1534 1679 esse
1561 1638 1792 1679 confidebat.
1837 1637 1910 1678 sed

329 1707 426 1746 haec
457 1719 535 1746 una
569 1707 734 1746 fortasse
767 1710 890 1745 restat
917 1705 1126 1744 dubitatio:
1160 1710 1206 1744 ut
1236 1706 1314 1744 iam
1341 1710 1618 1756 argumentum
1645 1703 1911 1756 Sophocleum

330 1772 553 1824 profectum
580 1784 666 1811 esse
693 1771 934 1811 concedatur
966 1783 1013 1810 ex
1039 1771 1220 1822 Astyagis
1253 1772 1417 1822 somnio,
1450 1770 1545 1822 quid
1571 1771 1606 1809 si
1632 1769 1910 1822 depromptum

332 1842 391 1876 est
416 1849 495 1876 non
522 1836 568 1875 de
590 1836 694 1887 Hdti,
721 1835 791 1875 sed
819 1836 918 1876 alius
945 1835 1151 1875 cuiusdam
1177 1836 1357 1874 historiis
1377 1833 1574 1887 persicis?
1600 1836 1710 1887 atqui
1734 1835 1910 1887 primum

331 1914 380 1941 ne
414 1903 578 1941 minime
606 1900 767 1953 quidem
799 1900 1015 1940 verisimile
1049 1905 1109 1940 est
1134 1900 1292 1952 Hdtum,
1328 1913 1446 1952 quem
1477 1912 1604 1951 usque
1636 1901 1678 1939 in
1702 1898 1914 1939 Medorum

334 1968 433 2006 fines
459 1967 690 2018 pervenisse
712 1971 877 2017 constat,
905 1966 980 2005 alio
1001 1965 1172 2017 quodam
1193 1966 1386 2017 scriptore
1407 1976 1559 2016 graeco,
1586 1976 1677 2004 cum
1696 1964 1914 2004 Persarum*

334 2031 410 2071 fata
434 2044 561 2083 usque
588 2031 636 2070 ad
662 2031 702 2070 id
727 2036 884 2083 tempus
910 2033 952 2070 in
973 2030 1137 2070 Graecia
1163 2042 1242 2069 non
1267 2030 1543 2076 tami'uissent
1567 2034 1671 2080 nota,
1697 2028 1793 2068 adeo
1820 2039 1915 2068 esse

332 2109 461 2149 usum,
501 2098 737 2148 praesertim
770 2109 859 2136 cum
897 2096 1004 2136 illius
1046 2095 1199 2135 fabulae
1234 2100 1411 2147 tempora
1451 2106 1530 2134 non
1574 2093 1743 2133 multum
1774 2097 1909 2133 essent

337 2167 498 2213 remota,
526 2162 650 2201 forma
678 2167 807 2202 autem
837 2161 1048 2201 deberetur
1074 2161 1224 2200 fictioni
1242 2165 1505 2212 posterorum,
1531 2158 1675 2211 quibus
1700 2157 1742 2198 id
1765 2170 1915 2210 propo-

334 2229 453 2267 situm
487 2232 582 2278 erat,
622 2233 667 2267 ut
697 2227 909 2267 Persarum
952 2231 1110 2279 gentem
1150 2227 1299 2277 regiam
1338 2224 1595 2264 adnecterent
1626 2223 1674 2263 ad
1704 2222 1914 2263 Medorum.

336 2289 505 2346 reges.³)
556 2305 600 2331 ac
635 2293 811 2344 profecto
848 2292 923 2331 hoc
962 2303 1118 2343 quoque
1155 2290 1373 2330 concedere
1410 2289 1618 2329 debemus:
1657 2289 1830 2328 amicitia
1865 2300 1916 2327 ac-

398 2414 429 2457 1)
457 2423 644 2457 compares
672 2422 807 2456 quaeso
834 2423 867 2446 v.
889 2415 975 2446 268:
1002 2412 1051 2452 ὡς
1076 2412 1173 2456 δῆθε
1200 2411 1353 2451 παῖδας
1378 2408 1426 2454 μὴ
1452 2409 1573 2449 τέκοις
1597 2407 1853 2453 ποινάτορας.

395 2468 430 2510 2)
456 2465 500 2500 cf.
522 2465 611 2500 Oed.
630 2465 672 2499 R.
694 2468 763 2499 598
782 2465 823 2500 τὸ
843 2464 915 2510 γὰρ
935 2470 1061 2511 τυχεῖν
1085 2465 1089 2510 Ι
1112 2464 1249 2503 αὐτοὺς
1273 2462 1377 2499 ἅπαν
1399 2464 1403 2508 Ι
1427 2460 1584 2498 ἐνταῦθ’
1607 2462 1673 2498 ἔνι.
1699 2462 1774 2498 nisi
1791 2462 1918 2497 mavis·

336 2519 531 2553 consistere
563 2519 602 2553 in
632 2519 727 2563 pede
760 2520 974 2562 anapaesto:
1010 2517 1123 2553 ποινά
1146 2518 1150 2563 Ι
1172 2530 1285 2561 τορας
1315 2512 1369 2563 εἶχ
1392 2516 1397 2561 Ι
1420 2527 1460 2551 εν
1490 2537 1537 2542 -
1569 2516 1757 2550 confidens
1788 2515 1917 2551 verbis-

334 2571 618 2616 Hephaestionis
644 2572 746 2606 ench.
773 2571 806 2606 V
826 2575 844 2606 1
871 2583 907 2615 p.
931 2574 973 2606 15
1001 2583 1029 2605 s.
1049 2570 1198 2606 Consbr.

397 2627 430 2671 3)
458 2624 595 2660 Ctesias
622 2625 731 2667 enim,
757 2626 799 2658 ut
823 2625 902 2659 sine
929 2624 1042 2658 dubio
1068 2634 1193 2659 omnes
1212 2622 1405 2657 Persarum
1430 2621 1517 2656 libri
1542 2634 1626 2657 vere
1650 2621 1828 2665 historici,
1852 2633 1918 2658 res-

337 2680 595 2713 enarraverunt
624 2678 739 2713 multo
773 2678 881 2712 alias:
913 2677 1122 2712 Mandanen
1145 2676 1316 2721 nupsisse
1347 2675 1426 2710 viro
1458 2676 1584 2718 Med03
1620 2678 1746 2711 contra
1776 2674 1915 2720 cyrum

336 2732 457 2765 ortum
491 2742 570 2766 esse
601 2730 794 2766 Persarum
829 2741 962 2776 genere
996 2729 1228 2765 nobilissimo
1265 2729 1388 2774 (huius
1423 2729 1543 2764 famae
1577 2729 1738 2774 vestigia.
1770 2730 1913 2764 exstant

340 2784 452 2818 etiam
478 2785 577 2828 apud
603 2784 743 2818 Hdtum
768 2784 784 2818 I
812 2788 891 2818 111.
912 2787 980 2818 207
1008 2783 1055 2817 ΠΙ
1083 2786 1126 2818 75
1152 2782 1219 2818 VII
1247 2783 1314 2827 11).
1366 2783 1466 2826 quod
1492 2782 1644 2827 quidem
1664 2781 1918 2817 Tertullianus-

338 2837 397 2879 (de
417 2837 541 2871 anima
560 2838 618 2880 46)
645 2836 801 2879 addidit,
837 2847 921 2870 cum
953 2836 1061 2871 ambo
1100 2835 1244 2870 somnia
1275 2836 1320 2870 ab
1358 2835 1456 2871 Hdto
1494 2836 1660 2871 exhibita
1695 2835 1911 2871 rettulisset:

341 2889 425 2924 ‘hoc
457 2889 567 2924 etiam
600 2888 741 2924 Charon
773 2889 1043 2933 Lampsacenus
1069 2888 1166 2923 Hdto
1191 2888 1294 2933 prior
1319 2888 1459 2932 tradit’,
1480 2889 1603 2924 oculos
1629 2891 1748 2924 vertas
1775 2898 1919 2933 quaeso·
