2106 3320
926 83 1221 125 —92-

288 209 419 260 potius
444 212 612 258 uterque
640 205 818 245 eiusdem
845 206 929 244 aevi
955 210 1093 244 auctor
1118 216 1241 256 aequa
1267 205 1420 244 ratione
1447 205 1611 256 castigat
1636 203 1859 256 aequalium

288 275 392 312 vitia.
433 273 607 311 comicus
628 272 734 310 enim
755 271 871 310 etiam
893 269 1042 309 Eccles.
1063 267 1152 309 450
1172 282 1202 309 s.
1229 268 1368 308 alludit
1386 268 1507 309 rebus
1527 268 1715 308 adversus
1734 273 1858 308 testes

288 338 531 389 interceptis,
562 334 647 376 603
673 337 856 388 pecuniis
881 336 1057 387 periurio
1084 336 1265 387 arreptis,
1290 335 1503 374 historicus
1529 334 1859 374 Lacedaemonios

288 404 380 443 facit
405 402 573 442 obscure
601 401 885 453 exprobrantes
911 399 1217 440 Atheniensibus
1244 395 1312 454 (vl
1332 396 1407 454 86)
1435 397 1551 455 ὅρκῳ
1578 404 1753 453 νικῆσαι
1785 395 1858 439 καὶ

288 469 485 522 χρήματα
511 466 792 519 ληίσσασθαι.

618 586 662 625 F.
693 586 764 624 DE
791 584 959 624 LONGI
983 584 1116 623 AEVI
1140 583 1531 624 AUCTORITATE.

347 663 583 715 Comparare
610 658 779 716 solent1)
807 662 909 701 Aiac.
931 658 1076 715 646J7:

609 722 775 767 ἅπανθ’
807 724 830 767 ὁ
857 725 1023 780 μακρὸς
1048 723 1378 779 κάναρίθμητος
1403 725 1558 780 χρόνος

607 791 713 846 φύει
750 788 788 831 τ’
824 790 965 845 ἄδηλα
999 788 1072 831 καὶ
1108 789 1306 845 φανέντα
1339 789 1576 844 κρύπτεται

299 865 337 898 et
375 858 538 898 Philoct.
566 855 749 898 305—6:

610 920 705 976 τάχ’
732 917 815 963 οὖν
840 936 907 970 τις
933 921 1054 963 ἄκων
1078 924 1182 975 ἴσχε·
1208 921 1350 963 πολλὰ
1375 921 1459 977 γὰρ
1485 920 1589 963 τάδε

609 985 658 1028 ἐν
678 991 739 1042 τῷ
759 991 912 1043 μακρῷ
932 985 1095 1041 γένοιτ’
1115 985 1171 1028 ἂν
1186 985 1439 1042 ἀνθρώπων
1459 987 1604 1043 χρόνῳ

289 1067 380 1094 cum
401 1054 533 1093 verbis
553 1054 646 1093 Hdti
666 1054 682 1093 1
702 1052 778 1094 32:
798 1050 848 1094 ἐν
867 1052 951 1108 γὰρ
971 1056 1032 1108 τῷ
1046 1056 1196 1109 μακρῷ
1213 1053 1356 1109 χρόνῳ
1376 1051 1517 1094 πολλὰ
1535 1051 1617 1106 μὲν
1637 1052 1730 1093 ἔστι
1750 1051 1864 1094 ἰδεῖν

289 1118 341 1160 τὰ
355 1118 413 1173 μή
433 1133 499 1167 τις
519 1116 679 1171 ἐθέλει,
698 1117 840 1159 πολλὰ
861 1115 909 1159 δὲ
928 1115 1001 1159 καὶ
1022 1121 1188 1159 παθεῖν
1209 1124 1248 1158 et
1261 1119 1292 1157 V
1305 1116 1350 1158 9:
1370 1115 1544 1171 γένοιτο
1565 1115 1603 1158 δ’
1630 1116 1686 1159 ἂν
1704 1122 1795 1158 πᾶν
1813 1114 1863 1158 ἐν

288 1188 348 1240 τῷ
370 1187 522 1240 μακρῷ
548 1185 704 1239 χρόνῳ.
749 1197 847 1236 quae
869 1185 950 1224 sere
971 1190 1153 1224 accurate
1175 1197 1394 1236 congruere
1415 1197 1505 1224 cum
1530 1183 1663 1224 verbis
1687 1183 1767 1223 illis
1793 1183 1861 1223 So-

289 1250 442 1303 phoclis
480 1250 704 1301 negandum
746 1263 824 1289 non
858 1255 929 1289 est.
999 1252 1107 1302 atqui
1139 1251 1312 1302 primum
1347 1249 1507 1302 quidem
1541 1247 1589 1289 ἐν
1619 1252 1679 1304 τῷ
1710 1251 1862 1304 μακρῷ

289 1316 434 1371 χρόνῳ
473 1315 640 1355 formula
672 1315 770 1354 nihil
808 1315 973 1367 praebet
1002 1311 1216 1370 proprii²)3
1254 1320 1338 1355 tum
1377 1327 1476 1367 quae
1512 1314 1766 1354 condiciones
1798 1314 1863 1354 his

289 1382 500 1421 sententiis
533 1382 804 1432 continentur,
839 1393 1005 1432 prorsus
1043 1386 1137 1420 sunt
1169 1380 1359 1420 diversae.
1403 1379 1531 1420 Hdtus
1565 1380 1670 1419 enim
1702 1380 1864 1436 exponit

289 1447 305 1486 1
331 1445 406 1487 32:
438 1459 511 1499 per
542 1447 702 1498 longum
735 1447 820 1486 aevi
852 1448 1023 1498 spatium
1054 1446 1201 1485 multos
1234 1458 1348 1486 casus
1382 1445 1609 1485 subeundos
1642 1457 1742 1497 esse,
1767 1441 1863 1484 V9:

289 1512 403 1564 longo
423 1514 613 1564 temporis
634 1517 762 1551 tractu
784 1511 939 1563 quidvis
959 1523 1076 1564 posse
1097 1512 1202 1565 fieri3
1229 1516 1365 1551 contra
1387 1511 1504 1563 Soph.
1525 1510 1583 1550 Ai.
1605 1508 1691 1551 646
1713 1515 1864 1563 spectat

289 1583 441 1617 tantum
469 1577 516 1617 ad
537 1577 703 1616 alicuius
730 1579 790 1616 rei
817 1578 1100 1628 cognitionem:
1129 1589 1271 1629 magno
1298 1578 1406 1617 enim
1432 1578 1557 1628 spatio
1585 1577 1795 1616 interiecto
1819 1581 1864 1616 ut

293 1643 444 1682 occulta
455 1643 701 1694 patefierent,
721 1644 774 1682 ita
794 1644 968 1694 patentia
983 1639 1160 1698 occuli.3)
1199 1654 1330 1695 neque
1344 1644 1431 1694 ipso
1445 1643 1486 1681 in
1507 1640 1675 1681 oriundo
1694 1653 1864 1693 pereun-

292 1708 418 1760 doque
450 1709 509 1747 vis
543 1713 603 1747 est
633 1710 774 1760 posita,
807 1708 877 1747 sed
909 1709 950 1746 in
984 1720 1042 1759 eo,
1075 1707 1180 1759 quod
1212 1720 1347 1747 rerum
1380 1709 1553 1759 cognitio
1586 1708 1787 1746 evanescit
1817 1719 1864 1746 ex

289 1774 493 1813 hominum
518 1775 721 1813 memoria.
760 1773 1000 1812 Philoctetes
1028 1779 1172 1824 autem,
1201 1773 1294 1813 dum
1318 1774 1509 1824 vivamus,
1535 1772 1681 1812 multas
1707 1784 1771 1812 res
1797 1771 1864 1811 ad-

292 1851 425 1878 versas
457 1839 710 1890 perficiamus
744 1844 928 1890 oportere
959 1839 1170 1890 profitetur
1196 1833 1403 1892 (vocabulo
1436 1833 1573 1892 τάδε).
1612 1838 1790 1890 quamvis
1821 1838 1865 1882 in

291 1904 544 1943 fundamento
581 1909 799 1955 congruant
830 1904 903 1943 hae
940 1905 1176 1943 sententiae:
1215 1903 1454 1943 crediderim
1492 1904 1741 1954 suppositum
1776 1914 1864 1942 esse

290 1969 562 2021 proverbium,
602 1969 706 2021 quod
747 1982 837 2008 cum
876 1968 984 2008 nullo
1018 1968 1175 2008 vinculo
1209 1970 1399 2008 interiore
1434 1969 1600 2007 infixum
1636 1972 1743 2007 esset
1775 1969 1864 2007 istis

292 2034 436 2074 fabulis
461 2034 601 2074 Hdteis
635 2030 777 2089 (quare
813 2034 887 2073 alia
923 2033 1103 2073 condicio
1139 2035 1395 2084 constituitur
1429 2037 1545 2085 atque
1580 2034 1621 2072 in
1657 2032 1723 2071 illo
1761 2031 1864 2071 dicto

290 2137 439 2172 Plataea
466 2139 571 2182 1904)
598 2137 801 2172 contendit:
829 2137 868 2171 in
893 2136 1073 2171 Achai-nis
1099 2138 1144 2182 (a.
1166 2137 1249 2182 425)
1274 2135 1409 2180 respici
1434 2134 1523 2170 Hdti
1554 2135 1668 2170 libros
1697 2138 1800 2178 1—3‚
1825 2134 1866 2169 in

291 2190 489 2234 Equitibus
517 2192 561 2235 (a.
584 2193 667 2236 424)
692 2191 729 2226 ll.
752 2194 856 2233 4-6,
882 2190 921 2224 in
946 2190 1079 2235 Vespis
1106 2191 1151 2235 (a.
1173 2191 1256 2235 422)
1281 2190 1319 2225 ll.
1343 2193 1451 2232 7-93
1485 2189 1528 2224 cf.
1556 2189 1667 2223 etiam
1691 2189 1863 2230 Maean,

290 2243 409 2278 Hdtus
428 2244 545 2279 books
566 2248 678 2278 4—6:
706 2244 738 2278 II
760 2247 826 2279 182
842 2256 882 2287 s.‚
907 2243 1025 2278 books
1047 2247 1155 2278 7—9:
1182 2243 1214 2277 II
1235 2246 1279 2278 14
1293 2254 1320 2279 s.
1365 2243 1534 2287 exempla
1558 2242 1711 2277 collocat
1729 2241 1864 2277 Christ-

292 2297 452 2340 Sohund,
478 2298 614 2342 griech.
635 2298 703 2333 Lit.
723 2297 739 2332 I
759 2301 857 2344 4364.

354 2353 387 2395 1)
412 2351 514 2385 velut
536 2351 814 2394 Valckenarius,
842 2351 948 2387 diatr.
969 2351 1009 2385 in
1032 2351 1158 2395 Eurip.
1179 2351 1309 2395 ftagm.
1333 2353 1423 2385 1767
1444 2361 1480 2394 p.
1504 2352 1569 2384 101
1592 2351 1628 2384 et
1646 2348 1864 2391 Wittekind‚

295 2416 414 2439 sermo
442 2404 666 2449 Sophocleus
691 2417 727 2449 p.
750 2409 805 2441 53.

353 2460 387 2503 2)
414 2458 525 2493 affero
545 2458 639 2494 Phil.
662 2462 747 2501 2353
768 2458 897 2493 Aesch.
919 2458 1038 2493 Prom.
1060 2461 1148 2500 4653
1169 2457 1279 2501 Soph.
1299 2456 1353 2492 El.
1377 2460 1461 2499 3303
1482 2456 1609 2491 Trach.
1633 2459 1718 2499 599;
1738 2456 1864 2500 Eurip.

291 2511 427 2546 Palam.
449 2512 490 2547 fr.
513 2515 601 2555 5813
628 2512 734 2547 Suid.
755 2523 788 2547 V.
809 2511 1023 2547 Palamedes
1044 2523 1071 2546 c.
1093 2512 1175 2546 adn.
1197 2511 1330 2545 Bernh.

352 2566 386 2610 3)
412 2577 518 2599 versu
540 2569 607 2600 714
634 2564 771 2610 (πάνθ’
797 2564 816 2600 ὁ
843 2564 956 2610 μέγας
980 2563 1114 2611 χρόνος
1139 2565 1326 2610 μαραίνει)
1351 2574 1436 2608 pars
1460 2563 1562 2607 prior
1582 2563 1669 2608 φύει
1687 2561 1720 2598 τ’
1745 2562 1866 2608 ἄδηλα

294 2618 468 2662 probatur
498 2619 592 2653 ultro
629 2619 800 2663 apposita
825 2619 873 2653 ad
898 2618 1117 2653 sententiam
1143 2617 1397 2662 supplendam,
1429 2619 1470 2652 ut
1494 2617 1577 2652 aliis
1604 2628 1751 2661 quoque
1775 2616 1865 2652 locis

293 2682 357 2714 per
388 2671 609 2714 positionem
649 2674 759 2716 atque
791 2683 858 2716 per
889 2671 1187 2706 detrectationem
1218 2671 1344 2715 aliqua
1374 2682 1430 2705 res
1463 2671 1672 2706 enuntiatur
1704 2669 1864 2713 definita,

293 2724 395 2757 velut
420 2724 544 2769 Antig.
572 2729 653 2768 443,
681 2729 769 2767 4923
802 2726 930 2760 Trach.
953 2729 1021 2760 962
1043 2736 1069 2760 s.
1091 2724 1178 2760 Oed.
1199 2724 1241 2759 R.
1265 2727 1320 2767 58,
1349 2727 1451 2767 1230,
1480 2727 1587 2759 1275:
1620 2723 1797 2764 πολλάκις
1826 2735 1865 2758 τε

294 2778 385 2822 κούχ
411 2776 510 2819 ἅπαξ
538 2779 583 2813 al.
610 2779 694 2814 Hdt.
715 2778 782 2814 VII
802 2782 864 2813 46:
891 2777 1068 2818 πολλάκις
1092 2778 1157 2813 καὶ
1183 2777 1267 2813 οὐκὶ
1294 2777 1403 2821 ἅπαξ,
1430 2789 1541 2822 quam
1573 2777 1750 2812 nimirum
1782 2787 1866 2812 con-

294 2830 518 2866 iunctionem
542 2842 617 2866 non
643 2833 751 2867 debet
777 2831 868 2867 alter
893 2831 1009 2867 alteri.
