2106 3320
1877 855 1951 882 pag.

411 895 437 931 1.
464 895 519 930 De
544 894 750 931 rationibus
777 896 872 931 inter
899 894 1118 939 Sophoclem
1144 896 1180 929 et
1204 894 1431 929 Herodotum
1457 894 1721 930 constituendis
1766 923 1773 931 .
1812 922 1822 932 .
1928 900 1945 932 1

467 952 498 985 1.
526 948 592 993 qui
617 949 693 984 iam
719 950 828 985 antea
850 949 920 984 hac
946 949 992 983 de
1016 959 1055 983 re
1081 948 1294 992 scripserint
1338 976 1820 984 ...........
1928 953 1946 985 1

468 1006 499 1038 2.
528 1002 574 1037 de
600 1002 791 1047 Sophoclis
818 1002 1085 1047 epigrammate
1111 1001 1151 1036 in
1175 1001 1402 1037 Herodotum
1428 1002 1630 1046 composito
1673 1031 1680 1037 .
1720 1031 1728 1037 .
1768 1031 1774 1038 .
1814 1031 1821 1038 .
1926 1006 1951 1038 4

466 1060 498 1091 3.
527 1055 664 1099 quibus
690 1055 826 1090 finibus
852 1054 1078 1090 imitationes
1104 1054 1349 1090 includendae
1375 1054 1448 1089 sint
1480 1082 1822 1091 ........
1927 1058 1949 1090 6

393 1108 436 1144 II.
465 1109 510 1144 de
535 1108 645 1144 rebus
671 1109 719 1144 ad
743 1109 954 1144 fabularum
979 1109 1219 1143 fundamenta
1243 1108 1512 1152 pertinentibus
1530 1137 1822 1144 .......
1905 1111 1950 1144 12

469 1167 499 1198 1.
527 1162 573 1197 de
600 1162 743 1197 somnio
770 1161 1052 1207 Clytaemestrae
1097 1189 1822 1198 ................
1906 1166 1950 1197 12

466 1219 498 1251 2.
526 1216 572 1251 de
596 1215 742 1252 Paridis
768 1215 1018 1251 adulescentia
1050 1242 1821 1251 .................
1903 1218 1951 1250 30

469 1272 501 1304 3.
528 1269 573 1304 de
599 1269 755 1314 Tyronis
781 1269 908 1304 fabula
959 1296 1822 1304 ...................
1903 1272 1951 1304 54

466 1326 498 1358 4.
527 1323 572 1358 de
598 1322 721 1358 Aiacis
746 1323 899 1367 prologo
957 1349 1821 1358 ...................
1895 1325 1950 1367 >64

380 1375 439 1411 ΠΙ.
467 1376 513 1411 de
540 1376 696 1422 singulis
723 1376 911 1411 sententiis
963 1402 1823 1412 ...................
1904 1378 1951 1410 66
2022 1376 2025 1379 ’

467 1433 499 1465 1.
527 1430 572 1464 de
597 1429 833 1464 matrimonio
858 1441 925 1474 per
951 1429 1134 1463 somnium
1163 1440 1246 1463 cum
1270 1430 1387 1463 matre
1412 1428 1503 1463 inito
1531 1456 1822 1464 .......
1872 1447 1876 1452 ι
1905 1430 1949 1462 6‘1

469 1486 501 1518 2.
530 1483 575 1517 de
601 1482 697 1517 dicto
725 1482 868 1517 Solonis
902 1509 1823 1518 ....................
1905 1484 1950 1516 68

467 1540 500 1572 3.
528 1536 573 1570 de
599 1536 765 1571 Electrae
791 1536 958 1571 versibus
986 1538 1125 1569 59—64
1147 1562 1824 1571 ...............
1906 1537 1952 1570 76

467 1593 499 1624 4.
527 1590 573 1624 de
598 1589 736 1634 triplici
761 1589 1009 1624 exsecratione
1048 1616 1822 1624 .................
1904 1589 1948 1623 81

468 1645 501 1678 5.
529 1643 574 1677 de
601 1643 749 1678 dextera
773 1654 886 1677 manu
912 1643 998 1677 data
1048 1669 1822 1677 .................
1904 1642 1950 1674 89

469 1699 499 1731 6.
529 1696 574 1730 de
598 1695 702 1740 longi
728 1696 809 1730 aevi
835 1694 1050 1729 auctoritate
1103 1722 1823 1731 ................
1905 1696 1950 1729 92

470 1752 500 1785 7.
528 1750 572 1783 de
599 1749 806 1794 Antigonae
832 1748 998 1783 versibus
1026 1750 1213 1783 905—912
1247 1775 1824 1784 .............
1904 1750 1951 1782 93

375 1802 437 1838 IV.
466 1803 511 1837 de
535 1802 645 1837 rebus
673 1803 721 1837 ad
747 1803 844 1837 orbis
870 1804 1048 1837 terrarum
1074 1801 1323 1846 cognitionem
1349 1802 1607 1846 spectantibus.
1645 1801 1707 1848 [de
1730 1811 1832 1836 more

466 1856 651 1901 Aegyptio
678 1877 722 1881 —
750 1855 930 1890 columbis
957 1855 1168 1890 Dodonaeis
1194 1877 1240 1880 —
1266 1855 1430 1890 formicis
1455 1854 1608 1901 Indicis]
1627 1882 1824 1891 .....
1906 1856 1953 1890 98

394 1910 438 1946 V.
466 1910 511 1945 de
537 1909 693 1954 singulis
720 1909 919 1945 vocabulis.
961 1907 1113 1955 [Μάγος
1132 1930 1177 1934 -
1199 1907 1388 1953 φοινίκεια
1409 1929 1452 1934 -—
1473 1906 1604 1952 τρέσας
1629 1929 1673 1934 -
1694 1908 1834 1953 μύδρος

467 1984 513 1989 —-
539 1963 584 1998 de
610 1963 902 1998 Labdacidarum
929 1962 1038 2009 serie]
1054 1989 1825 1998 .................
1884 1963 1953 1996 104

376 2016 437 2052 VI.
465 2016 649 2051 conclusio
673 2042 1824 2052 .........................
1883 2017 1951 2049 122

377 2070 598 2116 Appendix:
626 2074 656 2106 1.
684 2070 810 2105 tabula
834 2070 998 2104 locorum
1057 2096 1349 2105 .......
1349 2082 1354 2087 ·
1390 2095 1825 2105 ..........
1884 2070 1901 2102 1
1907 2070 1953 2102 24

838 762 1227 818 GONSPEOTUS
1265 762 1496 818 RERUM.

629 2127 660 2159 2.
687 2123 798 2158 index
836 2123 1099 2157 sententiarum
1143 2122 1230 2158 inde
1268 2122 1314 2157 ab
1352 2133 1384 2158 a.
1420 2125 1510 2157 1888
1549 2122 1595 2156 de
1633 2121 1839 2166 Antigonae

689 2188 722 2212 v.
745 2179 931 2211 905—912
959 2176 1185 2220 prolatarum
1201 2201 1826 2211 ..............
1884 2177 1952 2208 125
