2106 3320
878 178 1166 221 -35-

234 274 398 340 causas
412 266 572 352 praesto
611 298 753 351 suIsse,
790 298 935 352 quibus
972 298 1156 352 Ovidius,
1193 305 1238 341 ut
1275 299 1429 341 rabulae
1465 301 1658 354 pristinae
1695 307 1812 354 atque

152 360 155 362 ’
233 362 523 406 Alexandrinae
561 365 761 405 insereret
794 365 1099 418 expositionem,
1129 371 1446 420 permoveretur3
1488 378 1619 420 neque
1655 371 1812 419 poetam

233 427 455 472 Romanum
482 429 678 483 refugisse
705 429 754 471 ad
779 429 939 483 Cypria,
970 429 1076 470 unde
1108 436 1310 471 auctorem
1336 430 1647 472 Alexandrinum
1671 443 1813 485 propa-

235 499 367 548 garet,
391 493 582 536 credibile
608 491 719 551 est.¹)

296 559 376 602 Sed
396 559 684 601 Alexandrinos
703 560 888 601 Paridem
909 563 1131 614 expositum
1152 573 1231 601 non
1251 563 1517 615 usurpavisse,
1541 561 1635 603 inde
1654 575 1811 616 quoque

221 617 490 680 perspicitur,
517 626 621 679 quod
642 626 824 667 Zoellner
848 627 941 667 huic
969 628 1093 667 famae
1119 626 1353 680 simpliciori
1377 626 1475 668 duos
1495 627 1593 668 alios
1612 633 1748 681 poetas
1767 640 1811 669 se

233 690 495 733 adstrinxisse
528 693 711 745 cognovit
737 687 793 746 (p.
818 690 902 732 102
922 689 993 747 s.);
1029 691 1387 745 Lycophronem
1420 694 1527 733 enim
1559 698 1600 734 et
1624 693 1810 747 Eupho·

234 752 464 813 ssoncm')
490 757 591 797 hanc
618 758 885 798 narrationem
910 757 1139 798 exhibuisse
1166 758 1206 798 in
1226 757 1425 799 Tzetzae
1451 757 1615 799 scholiis
1642 753 1711 814 (ad
1736 757 1809 812 Ly·

232 821 368 876 eophr.
388 819 468 878 vv.)
495 824 721 863 accuratius
747 822 928 864 relatam:
960 836 1051 864 cum
1076 823 1261 876 Aesacus,
1291 829 1337 864 ut
1362 821 1506 864 ‘mater
1529 837 1607 864 una
1633 836 1723 865 cum
1749 826 1810 864 in-

234 886 340 928 lsnte
361 887 478 929 modo
498 886 620 929 edito’
642 894 864 940 necaretur,
890 890 1092 940 suasisset,
1119 888 1301 929 Priamus
1319 901 1392 942 pro
1408 888 1569 930 Hecuba
1591 889 1809 942 Parideque

236 951 389 1007 Cillam,
407 952 647 1007 Thymoetae
667 966 845 1007 uxorem,
870 959 909 994 et
930 953 1174 1007 Munippum,
1200 967 1318 1007 quem
1339 954 1404 995 illa
1425 967 1473 995 ex
1492 954 1651 995 Priamo
1669 967 1809 995 conce·

231 1024 364 1073 perat,
394 1018 512 1059 modo
537 1025 652 1060 utero
677 1021 818 1060 matris
844 1020 994 1060 editum
1020 1021 1137 1060 iussit
1161 1019 1301 1060 occidi.
1337 1019 1430 1060 inde
1457 1021 1590 1072 igitur,
1621 1032 1711 1061 cum
1739 1032 1808 1061 rex

232 1083 382 1125 Aessco
401 1085 491 1137 vati,
516 1086 586 1138 qui
617 1097 785 1137 puerum
812 1086 985 1125 interfici
1010 1086 1193 1137 iusserat,
1219 1097 1298 1125 non
1324 1085 1615 1138 obsequeretur
1635 1108 1678 1115 —
1699 1091 1808 1127 certe

233 1154 367 1191 antem
392 1148 563 1191 alterum
589 1150 800 1191 infantium
826 1150 995 1203 perdere
1021 1151 1117 1190 satis
1141 1149 1280 1190 habuit
1309 1173 1348 1179 —
1376 1150 1559 1191 Paridem
1585 1163 1663 1191 non
1689 1163 1808 1204 expo·

230 1215 371 1268 situm,
402 1214 474 1256 sed
505 1216 546 1256 in
579 1215 695 1256 domo
727 1217 835 1269 regia
868 1221 1066 1256 retentum
1098 1221 1137 1256 et
1170 1215 1380 1256 educatum
1413 1228 1500 1256 esse
1528 1216 1708 1257 Zoellner
1736 1229 1808 1257 suo

232 1281 321 1322 lure
346 1279 553 1322 contendit
577 1276 786 1337 elucere.⁸)
813 1282 932 1321 etiam
958 1280 1061 1334 apud
1084 1280 1342 1322 Lucianum
1363 1281 1474 1321 Paris
1498 1281 1658 1322 disertis
1677 1282 1809 1323 verbis

231 1346 482 1399 significatur
506 1345 707 1399 legitimus
734 1347 839 1399 regis
865 1346 971 1387 filius
1001 1342 1134 1401 (Deor.
1156 1346 1245 1387 dial.
1265 1343 1397 1402 2012),
1424 1359 1515 1387 cum
1541 1349 1694 1400 patris
1720 1360 1807 1401 gre-

234 1422 307 1465 ges
330 1417 468 1465 pascat
492 1413 532 1453 in
560 1411 625 1452 lda
652 1418 784 1452 monte
811 1407 875 1466 (D.
896 1411 931 1451 d.
952 1408 1095 1473 20¹‚·1)·

295 1477 414 1531 Atqui
444 1479 679 1531 posterioris
714 1477 947 1517 Graecitatis
986 1483 1180 1530 auctores,
1215 1478 1481 1530 maximopere
1509 1478 1808 1532 Alexandrinae,

231 1585 308 1629 tiit.
341 1586 443 1631 quod
473 1586 567 1622 mihi
593 1586 739 1621 videtur
768 1586 1026 1631 improbabile.
1064 1586 1187 1632 potius
1212 1587 1484 1633 uagoediarum
1509 1588 1705 1624 auctoritas
1729 1600 1807 1625 rem
1829 1598 1844 1612 ⁶

229 1639 359 1676 motit-
389 1641 445 1680 est
475 1639 534 1684 (cf.
555 1639 730 1675 Roscheri
762 1640 830 1675 lex.
858 1640 972 1684 myth.
994 1651 1021 1675 s.
1042 1637 1219 1676 v.'Paris'
1248 1652 1285 1686 p.
1307 1645 1398 1677 1606
1434 1644 1471 1676 et.
1500 1642 1685 1685 Ribbeck,
1715 1646 1806 1678 rom.

227 1691 337 1739 'fr-g.
350 1704 388 1739 p.
403 1695 475 1738 ⁹2).
501 1694 543 1728 ut
560 1692 686 1728 Brunn
705 1692 818 1738 (Urne
837 1694 1003 1730 eti-nacho
1017 1693 1046 1739 Ι)
1072 1694 1286 1739 comprobat
1310 1698 1457 1730 cunctas
1476 1695 1608 1731 horum
1627 1695 1807 1732 artificum

226 1744 413 1794 imagines
438 1747 602 1783 diversas
627 1747 844 1791 repetendas
879 1758 958 1783 esse
984 1758 1029 1783 ex
1054 1747 1243 1793 Euripidis
1278 1748 1356 1784 sive
1381 1748 1477 1783 Enni
1502 1748 1639 1784 aemuli
1664 1751 1805 1795 tragoe-

227 1800 373 1837 uiuum
398 1799 587 1836 memoria.

292 1855 327 1900 1)
352 1854 441 1889 ihcm
467 1865 514 1889 ne
532 1853 745 1889 Horatius
771 1853 923 1899 quidem
950 1854 997 1890 ob
1024 1853 1062 1889 id
1083 1854 1201 1890 solum
1221 1856 1322 1900 quod
1343 1856 1417 1891 Art.
1437 1858 1533 1901 poet.
1556 1859 1623 1891 186
1643 1856 1805 1901 primum

232 1906 451 1954 Cypriorum
471 1918 616 1943 versum
642 1907 801 1950 exhibet.
826 1910 943 1943 totum
969 1918 1115 1943 carmen
1141 1910 1225 1944 ante
1250 1908 1374 1944 oculos
1399 1908 1574 1945 habuisse
1593 1909 1802 1946 existiman-

233 1961 303 1997 dus
322 1963 388 1997 est.
415 1960 530 1997 immo
549 1960 690 2004 nititur,
716 1962 757 1995 ut
775 1961 813 1996 in
833 1961 962 1997 ceteris
981 1961 1092 1996 huius
1113 1961 1286 1997 carminis
1306 1962 1510 1998 rationibus
1529 1963 1694 2007 poeticis,
1720 1974 1803 1999 auc-

230 2015 308 2051 lore
339 2013 479 2051 Graeco
509 2014 589 2060 (qui
622 2014 758 2050 dicitur
781 2025 804 2050 a
827 2013 1080 2060 Porphyrione
1112 2014 1433 2061 Neoptolemus
1463 2016 1666 2062 Parianus).
1704 2018 1804 2062 quod

229 2067 407 2115 probatur
436 2068 475 2104 ni
508 2067 615 2103 fallor
645 2068 757 2104 etiam
788 2078 877 2104 voce
908 2068 1027 2105 olim.
1063 2068 1150 2104 item
1176 2080 1199 2104 a
1223 2069 1410 2114 prioribus
1441 2068 1590 2105 iudiciis
1621 2070 1804 2115 profectus

227 2131 352 2168 neque
381 2121 430 2157 ad
461 2121 585 2167 ipsum
611 2120 763 2167 cyclum
795 2121 941 2167 epicum
966 2133 1162 2167 aggressus
1188 2125 1243 2158 est.
1266 2122 1500 2159 Pollianus
1525 2123 1718 2168 (Hadriani
1745 2135 1802 2159 ae-

229 2174 378 2222 quatis),
403 2174 471 2221 qui
495 2174 619 2211 illudit
645 2175 753 2211 Anth.
775 2175 850 2211 Pal.
870 2174 919 2210 XI
948 2179 1031 2210 1³0:

490 2229 578 2271 τοὺς
601 2226 776 2270 κυκλίους
800 2228 955 2270 τούτους
977 2228 1065 2270 τοὺς
1090 2228 1210 2274 αὐτὰρ
1236 2228 1362 2266 ἔπειτα
1388 2229 1563 2276 λέγοντας

490 2287 595 2328 μισῶ,
621 2282 840 2322 λωποδύτας
865 2280 1068 2325 ἀλλοτρίων
1095 2280 1224 2318 ἐπέων.

228 2335 288 2383 (σί.
307 2333 614 2379 chri-veehmim
645 2347 699 2381 gr.
722 2335 788 2370 Lit.
810 2335 823 2370 1
844 2338 938 2383 86,).
989 2335 1047 2370 vel
1073 2335 1265 2371 Statium
1291 2336 1491 2372 Thebaidis
1523 2339 1705 2374 auctorem
1738 2339 1802 2375 ad-

228 2388 397 2425 hibuisse
422 2388 586 2425 carmina
611 2388 738 2435 Cyclia
763 2391 874 2435 negat
899 2388 957 2424 W.
978 2388 1078 2424 Kroll
1105 2389 1161 2433 (D.
1183 2388 1310 2435 Litztg.
1333 2392 1423 2425 1907
1450 2402 1485 2435 p.
1506 2392 1601 2437 368).

290 2444 326 2486 ἱ)
352 2441 454 2478 Alex.
474 2446 652 2486 224—28.
678 2446 746 2479 81⁰
768 2454 832 2485 αις
866 2442 984 2488 Euph.
1006 2443 1047 2478 fr.
1071 2446 1138 2478 160
1159 2460 1201 2473 —
1224 2442 1322 2478 Serv.
1343 2443 1389 2479 ad
1410 2443 1500 2479 Aen.
1522 2443 1612 2492 11„;
1645 2456 1802 2490 quorum

229 2494 321 2531 altor
343 2495 515 2541 priorem,
541 2498 693 2541 uterque
718 2499 841 2532 autem
867 2495 1132 2532 Callimachum
1158 2499 1302 2532 secutus
1328 2507 1407 2533 csse
1432 2496 1587 2534 videtur.

292 2549 329 2594 8)
353 2558 450 2594 quae
474 2548 612 2585 fabella
628 2550 881 2585 recentissima
900 2553 954 2584 est
973 2551 1009 2585 et
1026 2549 1122 2592 talis,
1148 2550 1269 2594 qualis
1296 2550 1520 2587 contaminat
1541 2551 1677 2588 samum
1702 2551 1801 2588 Pari-

232 2600 290 2636 dis
316 2600 523 2647 simplicem
548 2612 592 2638 ac
616 2602 795 2639 sinceram
821 2614 904 2638 cum
931 2603 1103 2639 Hecubae
1135 2602 1253 2638 somni
1285 2605 1416 2638 eventu
1442 2603 1530 2648 (alia
1554 2604 1693 2640 ratione
1719 2606 1801 2640 fluis

232 2652 332 2690 idem
362 2653 498 2700 petitur
528 2654 566 2691 in
592 2654 668 2691 Iob.
694 2655 849 2692 Halalae
875 2656 1065 2702 chronogr.
1087 2657 1108 2691 Ι.
1131 2656 1172 2691 V.
1194 2668 1228 2702 p.
1253 2660 1316 2692 114
1340 2655 1463 2700 Dind.)
1491 2678 1534 2684 —-
1560 2668 1680 2703 neque
1710 2658 1801 2694 haec

231 2706 440 2743 wnieotura
462 2718 507 2744 eo
532 2708 750 2752 confutatur,
776 2710 876 2755 quod
903 2709 1091 2755 Lycophro
1117 2710 1190 2745 alio
1210 2709 1289 2745 loco
1310 2711 1356 2754 (v.
1380 2712 1460 2755 188)
1483 2710 1634 2746 alteram
1653 2711 1802 2757 attingit

231 2761 460 2804 memoriam,
486 2772 561 2807 qna
578 2761 747 2799 Paridem
773 2763 980 2808 expositum
1001 2775 1085 2799 ursa
1104 2763 1299 2798 nutrivisse
1319 2763 1489 2806 traditan
1516 2763 1681 2800 eiusdem
1701 2765 1800 2800 enim

232 2812 380 2851 fabulae
406 2814 540 2851 formas
566 2826 587 2851 e
608 2815 720 2851 variis
746 2816 909 2851 sontibus
935 2817 1067 2862 petitas
1094 2817 1131 2852 in
1157 2819 1325 2862 poemate
1353 2815 1451 2851 illius
1477 2819 1653 2865 σκοτηνῷ
1677 2822 1799 2854 conui-

232 2866 391 2903 minam
409 2878 489 2904 esse
507 2866 683 2905 Gefl'cken
703 2868 830 2904 docuit
847 2869 1018 2914 (Hermae
1039 2870 1108 2906 vol.
1128 2873 1173 2906 20
1195 2873 1262 2906 5⁶7
1273 2871 1350 2915 ss.):
1377 2873 1522 2916 praesto
1548 2871 1580 2907 ei
1602 2874 1703 2908 erant
1728 2875 1798 2908 tra-

233 2919 400 2966 mdiu.
426 2930 519 2966 quas
543 2921 720 2959 adhibere
744 2923 901 2959 amabat.

1469 2984 1514 3018 ³0
