2106 3320
844 134 1141 178 ..99-

89 276 91 278 ·
202 267 285 303 m
312 255 396 300 dut·
411 255 624 311 ionlscben
650 255 910 309 Geographie,
942 255 999 297 als
1031 254 1153 296 deren
1186 255 1407 309 wiehtigste
1432 255 1636 297 Vertreter
1659 254 1783 296 Hero-

147 321 280 372 dat
296 333 339 365 Ι.
361 320 627 376 mppokntes
652 322 902 363 erscheinen.
905 318 963 377 ⁹¹)

218 385 463 436 Quantum
489 399 585 427 vero
611 386 659 427 ad
685 386 848 428 modum
873 392 914 428 et
939 386 1085 440 quibus
1110 388 1151 427 in
1178 386 1299 427 rebus
1324 386 1492 439 singulis
1518 387 1691 439 tragicus
1717 399 1783 427 ex·

203 454 401 509 merit
430 453 558 505 ipsius
586 452 767 493 historici
794 453 1002 493 scientiam
1027 458 1225 493 terrarum
1251 457 1319 493 aut
1343 464 1418 505 per
1440 451 1595 493 litteras
1619 458 1687 492 aut
1712 465 1785 506 per

198 517 445 573 *omum
472 519 684 570 cognitam,
710 530 806 559 sane
832 517 1009 558 discretu
1036 523 1097 558 est
1123 517 1336 569 difficilius,
1361 530 1480 571 quam
1497 523 1544 558 ut
1561 517 1674 558 brevi
1692 530 1783 571 per·

204 583 328 627 lure
358 585 576 638 possimus.
615 596 883 624 commemoro
915 589 1068 624 tantum
1099 582 1387 636 Triptolemum
1418 582 1674 636 tragoediam,
1706 596 1783 636 qua

204 654 324 704 potis
341 648 532 691 Cererem
558 650 671 702 fingit
700 649 856 690 telluris
884 649 1140 690 seminandae
1169 650 1352 701 regiones
1377 648 1641 702 amplissimas
1666 661 1783 702 prae-

204 709 520 770 torcennoeoe)
547 716 717 767 primam
742 726 831 755 esse
857 727 879 755 a
900 714 1095 768 Sophocle
1121 727 1154 755 a.
1173 711 1261 755 468
1287 715 1328 754 in
1354 713 1491 767 volgus
1516 714 1680 755 editam:
1705 727 1784 767 quo

206 785 388 835 tmpore
413 786 523 821 certe
549 779 656 820 nulla
682 792 773 821 cum
800 780 990 820 historico
1015 779 1194 821 exstabat
1218 775 1521 834 necessitudo.⁸)

266 844 325 887 Ex
350 845 475 886 altera
503 858 597 886 vero
623 851 735 898 parte
760 851 958 886 terrarum
985 846 1251 898 cognitionem
1277 844 1343 885 illa
1368 846 1444 886 iam
1469 851 1597 886 aetate
1622 845 1721 886 adeo
1740 847 1782 886 in

206 922 327 953 usum
359 922 610 952 communem
645 912 876 963 pervenisse
909 910 1132 962 negandum
1165 916 1237 962 est,
1268 916 1313 951 ut
1343 909 1499 951 subitus
1531 916 1571 951 et
1596 911 1783 952 fortuitus

206 987 315 1019 unus
344 977 515 1029 quisque
547 977 634 1016 sine
665 975 745 1016 ulla
777 975 982 1028 diligentia
1013 977 1188 1029 potuerit
1217 978 1450 1029 peregrinas
1481 988 1546 1017 res
1577 976 1783 1017 effundere

206 1037 434 1097 unguas)
458 1042 593 1094 itaque
619 1037 685 1096 (ut
709 1041 934 1095 exemplum
960 1037 1142 1097 afferam)
1162 1042 1397 1095 Scytharum
1422 1041 1516 1082 licet
1541 1054 1686 1082 nomen
1704 1043 1783 1083 iam

208 1105 358 1150 dudum
389 1107 607 1148 innotuerit
641 1105 816 1159 Graecis,
850 1118 929 1146 non
960 1111 1075 1146 erant
1105 1108 1254 1159 cogniti
1285 1106 1431 1159 singuli
1463 1119 1620 1160 quoque
1651 1118 1784 1147 mores

207 1167 649 1227 eonsuetudinesqtre.⁶)
687 1183 818 1225 neque
843 1172 906 1212 his
931 1172 973 1211 in
999 1171 1120 1212 rebus
1145 1171 1418 1225 quaerendum
1444 1178 1522 1213 est:
1547 1185 1679 1213 nonne
1705 1173 1782 1213 iam

206 1243 298 1280 nte
327 1236 476 1279 Hdtum
508 1237 626 1278 bomo
656 1238 748 1290 quis
773 1236 948 1278 Graecus
979 1236 1171 1290 quosdam
1197 1237 1297 1277 fines
1327 1236 1454 1279 adiit?
1494 1239 1643 1291 potius:
1677 1237 1783 1278 unde

207 1315 362 1346 summa
398 1315 490 1344 eum
524 1301 801 1356 probabilitate
834 1303 1042 1343 seientiam
1073 1315 1186 1343 suam
1216 1303 1520 1356 geographicam
1550 1303 1683 1344 hausit
1714 1303 1783 1343 So-

206 1366 400 1424 puncta?
430 1370 466 1409 is
490 1369 598 1409 enim
623 1369 691 1421 qui
718 1368 1020 1421 φιλαθήναιος
1038 1367 1258 1421 appellatus
1275 1380 1356 1408 non
1376 1374 1539 1409 externa
1558 1368 1784 1409 sectabatur

208 1440 250 1476 et
286 1433 404 1475 aliter
439 1438 557 1487 atque
589 1433 807 1486 Aeschylus
840 1433 1131 1486 Euripidesque
1163 1433 1416 1474 condiciones
1446 1447 1467 1474 a
1499 1434 1661 1487 regibus
1692 1446 1784 1487 pro·

209 1500 360 1554 positas
386 1498 687 1552 aspernabatur,
714 1498 916 1551 indigebat
936 1498 1048 1539 ducis
1068 1510 1202 1539 rerum
1222 1501 1522 1551 peregrinarum
1542 1512 1659 1552 quam
1679 1500 1784 1553 peri·

212 1560 410 1619 tissimi-⁸)
445 1576 521 1618 qua
546 1565 588 1605 in
614 1576 658 1605 re
685 1565 903 1617 repetimus
923 1563 976 1616 id,
1002 1563 1203 1617 quodiam
1224 1576 1343 1617 supra
1363 1563 1553 1606 diximus:
1578 1566 1684 1605 inter
1701 1577 1784 1605 om-

275 1657 311 1701 1)
335 1655 377 1692 in
395 1654 544 1702 singula
556 1656 718 1701 quadam
730 1667 770 1692 re
783 1655 915 1702 delego
928 1655 976 1691 ad
988 1655 1183 1701 Pauly-W.
1196 1667 1224 1692 s.
1240 1667 1272 1693 v.
1286 1655 1530 1692 Chersonesos
1542 1667 1579 1702 p.
1593 1659 1726 1703 2256„
1736 1667 1783 1692 ss.

209 1709 257 1747 de
281 1708 392 1755 soph.
418 1709 461 1746 ὰ.
488 1713 568 1745 041.

270 1765 309 1807 ἱ)
331 1762 517 1808 imprimis
549 1765 671 1809 partes
704 1762 831 1798 ltaliae
861 1762 930 1809 ἧς.
958 1766 1037 1799 541.
1076 1762 1231 1798 alterum
1261 1766 1438 1799 terrarum
1470 1763 1662 1799 circuitum
1687 1774 1785 1799 nune

209 1814 399 1853 afferimu-
424 1826 471 1851 ex
495 1814 658 1852 lehnsut
684 1817 793 1861 satyr.
820 1815 925 1862 (prol
953 1815 1150 1861 Apollinis,
1176 1816 1243 1852 eol
1269 1816 1431 1852 115—11
1451 1819 1497 1862 5)

270 1870 308 1915 8)
331 1869 456 1915 potius
480 1871 559 1905 tum
584 1870 761 1915 temporis
778 1869 875 1905 aliae
894 1881 979 1905 cum
997 1868 1105 1906 Italia
1121 1870 1280 1906 rationes
1298 1873 1455 1916 possunt
1471 1871 1661 1907 constitui:
1686 1871 1784 1907 Tbe-

208 1922 396 1959 mimda
426 1922 574 1959 filiabus
605 1923 683 1959 suis
714 1934 851 1959 nomen
884 1924 1037 1959 dederat
1055 1922 1218 1960 Ἰταλίαν
1243 1927 1280 1960 et
1303 1924 1487 1971 Σύβαριν,
1518 1927 1555 1960 et
1578 1927 1663 1961 ante
1688 1937 1784 1971 pug-

209 1986 298 2013 nin
320 1975 492 2013 navalem
515 1976 617 2023 apud
636 1976 864 2014 Salaminem
887 1977 1123 2013 commissam
1148 1988 1187 2012 se
1211 1989 1295 2013 cum
1314 1978 1601 2014 Atheniensibus
1621 1978 1784 2023 expulsis

209 2029 455 2077 migraturum
479 2040 560 2066 esse
585 2030 624 2066 in
643 2029 788 2066 Italiam
813 2030 975 2067 minatus
1000 2033 1056 2066 est
1073 2030 1172 2076 (Hdt.
1194 2030 1275 2067 VIII
1295 2034 1365 2078 82).
1392 2034 1517 2067 eontra
1536 2043 1606 2068 vox
1622 2031 1784 2068 Ἰταλίαν

210 2082 335 2130 Antig.
362 2086 467 2126 1119,
499 2093 614 2129 quam
638 2094 704 2119 eur
726 2083 835 2129 virga
857 2084 1019 2129 quadam
1045 2085 1212 2120 censoria
1235 2087 1415 2127 notemus,
1447 2096 1520 2121 non
1545 2085 1736 2125 habemus,
1762 2096 1785 2121 a

210 2134 496 2174 wil-novini«)
527 2140 699 2173 revocata
729 2140 785 2172 est
808 2137 856 2172 ad
881 2136 1040 2173 'l'hurios
1065 2138 1113 2173 ab
1140 2138 1427 2174 Atheniensibus
1451 2138 1564 2184 paulo
1588 2142 1673 2174 ante
1697 2149 1783 2174 cou-

238 2189 248 2199 ‘
340 2191 392 2237 (et
420 2191 628 2227 revocanda
657 2194 724 2232 est.
756 2193 798 2226 ut
821 2190 993 2235 equidem
1019 2191 1153 2234 adicio,
1185 2193 1296 2227 etiam
1327 2193 1375 2227 ad
1408 2192 1559 2234 Hdtum,
1590 2192 1649 2227 eui
1675 2196 1785 2237 poeta

210 2243 358 2281 &sint
381 2243 466 2280 illos
492 2255 619 2281 versus
644 2245 817 2290 priorem:
844 2245 888 2280 es.
915 2243 1040 2289 Eurip.
1068 2244 1244 2279 Herakles
1270 2244 1404 2291 132„,
1430 2244 1495 2280 ubi
1520 2245 1710 2290 profitetur
1728 2245 1785 2280 vir

209 2296 461 2334 mnus:
489 2297 616 2344 ‘Sopln
638 2298 734 2333 virst
753 2298 822 2333 mit
839 2308 965 2343 geogr.
980 2296 1122 2333 Namen
1142 2298 1214 2333 fast
1226 2298 1294 2332 wie
1313 2298 1373 2333 ein
1388 2298 1521 2334 Romer
1540 2310 1603 2333 um
1616 2298 1694 2334 sich
1711 2298 1783 2341 -’,

209 2348 514 2387 ubstantiae
534 2351 618 2388 Ant.
641 2355 743 2387 1087.
774 2356 875 2387 1115.
906 2355 996 2386 1119
1021 2350 1111 2387 Oed.
1133 2351 1174 2386 R.
1198 2355 1287 2387 1227
1314 2350 1408 2388 Phil.
1430 2355 1497 2387 ass
1524 2352 1698 2387 Androm.
1717 2354 1782 2387 ιη

210 2402 273 2449 (ds
295 2403 446 2440 homine
470 2402 626 2441 Saturno
652 2407 823 2450 mactato)
848 2404 995 2454 Thyeat.
1022 2408 1104 2446 234,
1129 2403 1283 2449 Triptol.
1309 2404 1395 2447 fab..
1418 2404 1557 2442 Pastor.
1583 2408 1663 2441 4⁶2.

270 2458 308 2502 4)
331 2456 404 2493 hoo
426 2456 569 2494 elucere
594 2458 685 2494 mihi
713 2458 859 2493 videtur
884 2454 995 2492 etiam
1018 2468 1061 2492 ex
1083 2458 1232 2494 Waissii
1254 2458 1568 2503 inquisitionibus.

271 2512 309 2555 ὁ)
333 2509 427 2546 illud
452 2510 484 2547 si
509 2511 650 2554 fuisset,
675 2512 764 2547 Hdti
790 2512 966 2547 historiae
991 2512 1097 2557 pretii
1125 2512 1425 2557 auctoritatisque
1450 2513 1660 2549 amisissent
1684 2524 1783 2549 sum-

212 2573 324 2606 mam,
350 2574 446 2609 quse
469 2567 549 2601 erat
570 2568 677 2611 grata
700 2566 855 2601 novitas.

276 2617 312 2661 0)
337 2627 459 2654 nonne
483 2617 555 2655 hue
573 2619 733 2664 pertinet
758 2619 796 2654 id
823 2629 982 2663 quoque.
1010 2619 1108 2663 quod
1135 2631 1218 2655 enm
1244 2619 1377 2664 reliqui
1398 2619 1582 2655 societatis
1600 2619 1784 2656 Pericleae

213 2668 359 2706 sodales
389 2669 530 2716 ingenii
555 2672 726 2708 acumine
752 2672 923 2718 praediti.
955 2672 1038 2708 dieo
1064 2672 1214 2714 Hdtmn.
1246 2673 1515 2717 Anaxagoram,
1548 2672 1783 2718 Lamponexm

213 2721 378 2766 stus-iis.
402 2722 553 2760 Pei-ielis
572 2725 719 2771 incepto
739 2726 947 2770 studioque.
973 2730 1182 2771 praesentes
1202 2726 1412 2762 assisterent
1431 2726 1645 2769 eondendis,
1670 2726 1782 2772 Soph.

214 2775 317 2813 doni
342 2776 502 2814 mansit?
537 2780 594 2823 (ut
618 2778 769 2815 Phidias
796 2779 949 2815 Athenis
976 2778 1252 2824 relinqueretur,
1284 2780 1322 2814 id
1348 2783 1436 2822 erat,
1462 2780 1562 2825 quod
1587 2783 1665 2815 tum
1689 2782 1782 2817 tem-

213 2829 315 2876 pori·
334 2829 525 2875 Acropolis
549 2831 822 2874 exornabatur»
849 2833 1010 2878 tragicus
1036 2833 1187 2877 quidem
1213 2843 1244 2868 a.
1266 2835 1363 2881 uns,
1391 2836 1555 2869 versatus
1581 2837 1636 2868 est
1655 2833 1693 2869 in
1713 2833 1782 2869 im-

213 2882 317 2929 perio
343 2883 463 2920 Attico
488 2883 749 2930 dispertiendo.
777 2885 910 2922 huicne
936 2886 1083 2921 eventui
1110 2886 1286 2922 debemus
1311 2887 1518 2931 tragoedias
1539 2886 1783 2933 Sophoclea?

1451 2946 1495 2981 70
