2106 3320
963 94 1259 136 -43-

327 219 467 261 δαλὸν
492 223 634 260 τεκεῖν
659 214 894 269 διάπυρον,
919 218 1081 255 τοῦτον
1106 210 1155 254 δὲ
1181 219 1327 254 πᾶσαν
1353 209 1638 265 ἐπινέμεσθαι
1662 210 1745 264 τὴν
1764 208 1909 250 πόλιν

326 284 399 326 καὶ
425 285 579 325 καίειν.
616 283 822 335 Πρίαμος
846 303 894 309 -
919 278 1119 320 Αἴσακον
1143 277 1223 319 τὸν
1247 276 1350 318 υἱὸν
1374 274 1693 331 μετεπέμψατο·
1730 270 1787 329 ἦν
1812 273 1896 335 γὰρ

326 348 639 403 ὀνειροκρίτης.
665 342 794 395 οὗτος
821 369 865 374 -
891 342 1090 386 ἐκθεῖναι
1115 343 1165 385 τὸ
1192 341 1357 397 βρέφος
1382 339 1561 384 ἐκέλευε.
1595 341 1739 395 quibus
1763 339 1897 381 verbis

326 416 514 466 coniungi
539 419 681 466 potest,
708 412 812 465 quod
838 425 886 451 ex
911 411 1030 451 Ennii
1055 409 1256 462 tragoedia
1282 413 1481 449 servatum
1507 412 1569 448 est
1593 404 1716 462 (apud
1741 406 1821 446 Cic.
1849 405 1896 445 de

327 480 445 519 divin.
472 478 579 533 1423
615 479 662 519 cf.
688 477 865 517 Ribbeck
873 508 884 529 ,
911 481 1007 516 rom.
1028 475 1141 527 Trag.
1163 470 1366 529 81—94):
1394 471 1538 513 ‘mater
1562 472 1721 525 gravida
1753 483 1895 524 parere

324 544 431 599 <ex>
445 558 486 585 se
501 545 706 585 ardentem
721 544 847 583 facem
861 543 944 581 visa
964 546 1034 581 est.
1060 546 1173 593 pater
1185 563 1232 568 -
1246 541 1513 579 coniecturam
1527 537 1700 591 postulat
1712 560 1771 590 -‚
1783 544 1828 577 ut
1853 549 1895 576 se

324 611 512 650 edoceret
546 610 759 650 obsecrans
796 608 1033 660 Apollinem,
1059 629 1106 634 —
1140 605 1196 645 ibi
1231 618 1278 645 ex
1312 604 1443 644 oraclo
1478 616 1572 643 voce
1609 603 1739 643 divina
1773 600 1897 642 edidit

324 675 473 728 Apollo,
498 687 666 728 puerum
686 697 732 701 —
758 678 999 725 temperaret
1024 671 1179 711 tollere:
1216 683 1306 710 eum
1340 682 1427 710 esse
1455 670 1619 709 exitium
1644 668 1797 720 Troiae,
1826 679 1895 720 pe-

324 746 427 780 stem
446 735 703 795 Pergamo’.¹)
729 744 865 778 contra
884 738 1061 790 Hyginus
1080 737 1178 776 haec
1197 735 1333 775 tradit:
1360 733 1476 774 ‘uxor
1493 746 1716 787 praegnans
1733 732 1833 773 vidit
1851 744 1894 773 se

325 807 450 847 facem
467 805 670 846 ardentem
683 817 836 856 parere,
849 816 895 843 ex
910 815 985 855 qua
1000 806 1206 854 serpentes
1217 801 1409 853 plurimos
1421 802 1561 840 exisse.
1576 799 1618 839 id
1627 800 1756 839 visum
1767 800 1893 838 omni·

287 915 301 918 β
323 871 399 911 bus
412 870 703 911 coniectoribus
718 882 808 909 cum
825 874 1028 908 narratum
1043 872 1159 918 esset,
1179 868 1377 918 imperant
1394 865 1584 918 quicquid
1596 869 1767 917 pareret,
1779 875 1895 903 neca-

324 943 396 976 ret.
417 959 462 964 —
482 935 702 976 Alexander
723 935 838 974 datur
857 931 1186 974 interficiendus'.
1211 933 1290 971 iam
1310 931 1454 971 famam
1472 930 1741 982 intellegimus
1760 928 1894 969 aliam:

324 1002 385 1041 fax
412 1007 451 1042 et
477 1014 625 1053 angues
652 1001 873 1040 afferuntur
898 1001 1142 1039 coniunctae.
1175 1010 1304 1050 neque
1324 1009 1418 1036 vero
1444 997 1519 1036 duo
1539 996 1691 1036 somnia
1709 996 1752 1034 in
1769 1006 1893 1035 unum

321 1067 587 1107 confluxerint
621 1078 786 1106 necesse
822 1070 893 1116 est,
930 1064 999 1104 sed
1034 1063 1252 1103 secundum
1287 1063 1479 1103 furiarum
1515 1060 1735 1117 symbolum
1759 1060 1894 1100 fictum

321 1128 434 1187 θεῖ-,2)
464 1131 617 1172 accedit
642 1131 746 1184 quod
774 1130 997 1182 complures
1022 1134 1131 1168 vates
1159 1128 1206 1167 de
1231 1130 1315 1167 viso
1341 1129 1511 1180 quaesiti
1535 1126 1748 1179 puerulum
1771 1126 1893 1165 inter-

322 1197 386 1236 fici
413 1196 562 1249 iubent,
592 1209 682 1236 cum
709 1195 883 1247 alioquin
909 1207 1013 1234 unus
1040 1195 1212 1234 Aesacus
1237 1194 1299 1232 vel
1324 1193 1460 1245 Apollo
1486 1192 1659 1244 postulet
1683 1191 1894 1243 expositio-

321 1274 424 1301 nem.
461 1274 590 1314 neque
615 1273 708 1301 vero
735 1261 887 1312 Hygino
920 1261 997 1312 ipsi
1034 1259 1228 1298 debentur
1258 1258 1349 1298 illae
1385 1258 1649 1311 differentiae3
1683 1255 1894 1296 scholiasta

319 1329 428 1366 enim
455 1327 504 1366 ad
523 1327 658 1378 Eurip.
680 1326 866 1365 Androm.
886 1338 919 1364 v.
941 1322 1027 1364 293
1048 1324 1260 1376 adscripsit
1285 1323 1401 1363 modo
1427 1322 1645 1362 simillimo:
1670 1317 1758 1362 κατ’
1783 1319 1892 1373 ὄναρ

320 1389 573 1445 θεασαμένη
608 1390 635 1444 ἡ
664 1388 825 1444 Ἑκάβη
864 1388 931 1430 ὅτι
967 1387 1211 1441 λαμπάδα
1246 1385 1482 1441 ἐγέννησεν
1513 1411 1575 1440 —‚
1607 1386 1737 1440 ἤρετο
1771 1384 1895 1433 τοὺς

319 1456 553 1510 μάντεις·
582 1455 707 1498 οἶδὲ
727 1456 961 1509 ἔφασκον
980 1460 1139 1509 χρῆναι
1158 1478 1204 1482 -
1225 1453 1489 1508 φονεύειν.
1515 1453 1611 1505 quid
1630 1452 1770 1504 obstat,
1797 1452 1894 1504 quin

320 1523 422 1562 hanc
448 1522 702 1562 traditionem
731 1535 750 1560 a
777 1523 910 1573 priore
938 1520 1206 1560 discedentem
1235 1525 1460 1572 repetamus
1487 1532 1508 1558 a
1529 1517 1735 1570 Sophoclis
1761 1521 1893 1557 aucto-

321 1586 466 1627 ritate?
502 1600 601 1639 quae
638 1589 865 1627 coniectura
890 1588 931 1626 in
959 1585 1311 1638 disceptationibus
1337 1583 1639 1637 insequentibus
1663 1584 1742 1623 iam
1767 1583 1893 1634 magis

320 1653 631 1692 confirmabitur.
668 1652 739 1691 sed
765 1665 870 1692 nunc
897 1651 1086 1691 Herodoti
1110 1652 1273 1703 vestigia
1299 1656 1343 1690 ut
1368 1650 1613 1702 indagemus,
1645 1645 1891 1688 studeamus!

383 1717 511 1757 Etiam
544 1719 732 1770 Astyages
777 1717 883 1757 fatali
926 1718 1012 1756 visu
1046 1718 1283 1769 perterritus
1327 1717 1523 1755 somnium
1568 1715 1763 1767 permittit
1803 1716 1894 1753 τῶν

319 1781 494 1835 Μάγων
525 1788 640 1823 τοῖσι
673 1780 999 1835 ὀνειροπόλοισι
1033 1779 1083 1835 (c.
1114 1778 1294 1835 107—8)
1331 1786 1370 1820 et
1404 1781 1583 1833 Harpago
1618 1781 1804 1831 imperat,
1847 1782 1893 1817 ut

320 1848 537 1899 puerulum
564 1849 787 1887 interficiat.
815 1847 885 1887 sed
913 1849 1031 1886 etiam
1057 1848 1143 1898 ipsa
1170 1848 1321 1886 somnia
1346 1846 1445 1885 mihi
1469 1845 1655 1884 videntur
1680 1843 1890 1884 simillima.

382 1981 416 2025 1)
442 1981 543 2024 quod
568 1980 721 2024 quidem
752 1980 813 2014 hic
838 1979 1010 2014 fatidicus
1037 1979 1188 2023 fingitur
1212 1978 1294 2022 ipse
1319 1977 1464 2022 Apollo,
1500 1977 1600 2020 apud
1624 1976 1891 2020 Apollodorum

318 2035 443 2068 autem
467 2033 628 2068 Aesacus
661 2034 784 2067 futura.
816 2032 1061 2077 praenuntiat,
1095 2031 1190 2066 hanc
1225 2042 1337 2066 unam
1358 2031 1415 2076 'ob
1449 2041 1596 2065 oausam
1627 2040 1702 2064 non
1727 2030 1793 2071 est,
1827 2039 1892 2063 eur

320 2086 535 2130 Apollodori
560 2087 775 2122 relationem
801 2085 994 2121 dissentire
1020 2095 1230 2119 censeamus
1251 2085 1296 2119 ab
1316 2084 1427 2118 Ennii
1447 2083 1484 2128 (i.
1506 2094 1535 2118 e.
1555 2082 1758 2126 Euripidis)
1783 2092 1890 2127 arg-u-

319 2141 453 2175 mento.
489 2151 562 2183 quo
589 2140 687 2174 enim
714 2141 825 2174 modo
852 2139 985 2183 Apollo
1011 2138 1199 2173 oraculum
1231 2137 1347 2173 edidit
1378 2137 1452 2172 nisi
1477 2147 1542 2181 per
1570 2137 1691 2170 vatem
1716 2146 1738 2170 a
1757 2135 1825 2170 deo
1850 2134 1891 2170 in

319 2204 443 2227 verum
476 2193 790 2238 pronuntiandum
826 2193 1046 2227 excitatum?
1081 2194 1117 2227 et
1140 2191 1307 2226 Priamus
1333 2191 1364 2225 si
1390 2191 1511 2225 vatem
1537 2189 1704 2232 consulit,
1740 2188 1819 2223 adit
1842 2188 1891 2223 ad

319 2246 485 2281 divinam
511 2246 694 2291 Apollinis
720 2246 931 2280 facultatem
957 2245 1017 2292 [cf.
1044 2245 1154 2279 schol.
1175 2245 1204 2279 B
1230 2245 1270 2279 Il.
1297 2245 1321 2278 Z
1330 2258 1399 2291 su:
1426 2237 1524 2287 ’ἦσαν
1558 2241 1628 2287 γὰρ
1664 2239 1750 2277 ἀπὸ
1785 2255 1890 2287 χρη-

320 2305 431 2344 σμοῦ
457 2300 533 2334 καὶ
553 2297 762 2343 Ἀντήνορ
774 2312 820 2339 ος
834 2297 1022 2344 μαθόντες
1037 2296 1093 2334 ὅτι
1112 2299 1184 2344 —].
1210 2298 1337 2342 itaque
1356 2298 1420 2332 aut
1437 2296 1634 2340 Euripides
1659 2296 1740 2340 ipse
1758 2294 1889 2330 Aesaei

318 2363 476 2397 persona
501 2352 706 2387 consultum
731 2352 819 2386 fecit
842 2351 1053 2396 Apollinem
1079 2353 1142 2386 aut
1167 2351 1307 2385 Ennius
1331 2361 1398 2395 pro
1424 2350 1562 2384 Aesaco
1587 2349 1740 2383 minoris
1766 2350 1888 2384 aucto-

318 2405 436 2439 ritatis
462 2407 544 2440 vate
569 2405 762 2449 usurpavit
785 2405 909 2449 ipsum
928 2405 1150 2449 Apollinem.
1176 2415 1298 2448 neque
1324 2403 1420 2439 enim
1444 2413 1491 2438 ne
1510 2403 1550 2437 in
1568 2402 1714 2447 pusillis
1735 2402 1888 2446 quidem

318 2459 427 2492 rebus
447 2458 587 2492 Ennius
613 2458 830 2492 abseesserit
854 2458 899 2492 ab
920 2457 1109 2502 Euripidis
1129 2457 1353 2500 auctoritate,
1379 2456 1580 2500 impeditur
1591 2455 1764 2491 Varronis
1783 2454 1886 2490 testi-

318 2511 443 2546 monio
470 2511 623 2546 dicentis
648 2511 708 2555 (de
732 2511 861 2556 lingua
885 2511 946 2545 lat.
966 2511 1032 2546 VII
1058 2512 1132 2555 82):
1154 2509 1308 2545 ‘imitari
1335 2510 1423 2544 dum
1449 2509 1565 2543 voluit
1588 2506 1827 2554 Euripidem’.

380 2566 413 2609 2)
440 2565 539 2608 quod
564 2564 638 2599 iam
664 2564 796 2598 clarius
821 2564 861 2598 fit
884 2560 1032 2598 invento
1058 2563 1207 2598 Pindari
1235 2574 1386 2608 paeane,
1419 2574 1492 2607 quo
1518 2563 1641 2607 imago
1668 2563 1720 2597 sio
1751 2561 1889 2597 descri-

318 2617 434 2652 bitur:
1132 2638 1175 2642 —
1203 2616 1322 2662 ἔδοξ[ε
1348 2615 1389 2652 δὲ

817 2676 937 2705 τεκεῖν
963 2667 1160 2714 πυρφόρον
1182 2667 1352 2715 Ἐρι[νὺν

819 2721 1071 2769 ἑκατόγχειρα,
1098 2723 1296 2772 σκληρᾷ[ὃὲ
1322 2722 1387 2770 βίᾳ

810 2774 925 2811 Ἴλιον
949 2775 1076 2811 πᾶσάν
1103 2789 1162 2810 νιν
1188 2776 1249 2811 ἐπὶ
1273 2775 1405 2822 π[έδον

818 2835 1052 2874 κατερεῖψαι.
