2106 3320
827 173 1124 218 „43-

181 259 610 355 ὤεέρέσβυς
628 309 707 338 nou
727 297 983 349 cognoscitur
999 291 1232 349 Priamus.²)
1279 306 1374 346 ergo
1399 293 1561 334 omnino
1586 304 1667 333 non
1692 298 1766 345 est,

181 374 262 408 m
281 362 351 406 illo
374 362 462 405 loco
485 361 649 418 (Troad.
663 375 697 402 v.
711 358 821 416 921)
841 361 915 402 sub
934 357 1129 414 πρέσβυς
1149 371 1434 413 cognoscamus
1453 358 1668 410 Priamum,
1693 357 1764 398 sed

181 429 361 485 profecto
385 441 523 470 senem
548 428 660 469 illum
686 427 736 468 ad
761 426 923 468 caedem
949 424 1257 480 perpetrandam
1282 424 1466 465 electum.
1493 423 1569 464 hoc
1595 422 1759 477 quidem

182 506 237 538 ex
259 494 330 536 mo
354 507 472 536 versu
498 494 631 535 elucet
655 493 839 545 eundem,
865 494 930 533 cui
956 492 1086 533 infans
1113 491 1283 533 traditus
1309 497 1416 532 esset
1435 490 1651 543 necandus,
1677 504 1762 532 ser·

183 572 299 603 vasso
322 572 428 613 eum,
460 565 502 601 et
525 566 718 613 quantum
745 558 811 600 ille
836 554 1033 612 πρέσβυς
1058 557 1227 598 valuerit
1254 558 1295 598 in
1321 558 1450 610 prima
1476 556 1659 610 trilogiae
1685 562 1764 597 tra-

245 690 326 733 Sed
355 690 462 744 quod
494 695 701 731 assecutus
728 701 817 729 esse
843 688 941 729 mihi
967 688 1115 741 videor,
1147 689 1222 729 hoc
1249 694 1328 729 est:
1361 690 1458 741 quin
1484 686 1697 741 Euripides
1721 688 1763 728 in

182 755 459 799 Andromacha
485 755 685 808 tragoedia
712 756 964 807 usurpaverit
983 754 1154 795 fabulam
1175 753 1390 806 vulgarem,
1416 755 1441 794 i.
1461 766 1495 794 e.
1516 753 1764 806 expositione

134 867 139 871 ,
183 828 402 875 mntem,
433 834 510 862 non
543 827 606 861 est
636 833 711 861 cur
743 819 989 861 dubitemus:
1014 821 1091 860 etsi
1115 819 1395 873 amplificatam
1420 831 1579 872 quoque
1606 818 1763 870 samam,

186 886 401 929 dummodo
426 888 505 927 iam
524 892 609 927 tum
629 887 720 927 licta
740 886 873 937 ruerit,
899 885 979 926 illis
998 885 1180 926 versibus
1199 884 1375 937 intellegi
1395 897 1526 938 posse,
1551 895 1632 924 non
1650 895 1763 936 pror-

185 965 258 994 sus
282 958 346 994 est
369 951 607 1005 negandum.

246 1016 335 1059 Nisi
360 1017 424 1058 his
450 1018 552 1058 forte
578 1016 799 1058 rationibus
819 1015 936 1056 aliam
955 1015 1004 1056 ad
1024 1016 1262 1055 sententiam
1282 1014 1535 1055 adducimur:
1561 1015 1634 1055 hac
1655 1015 1763 1055 enim

185 1084 447 1137 inquisitione
478 1084 558 1123 iam
589 1081 638 1123 ad
670 1082 790 1122 finem
822 1080 1013 1134 perducta
1045 1081 1086 1120 in
1113 1092 1256 1120 manus
1281 1092 1391 1120 meas
1416 1082 1600 1133 pervenit
1624 1079 1764 1132 Pauly·

186 1147 306 1190 wios.
337 1147 488 1201 encycl.
519 1147 593 1188 vol.
626 1146 692 1187 vn
717 1144 747 1187 2
777 1142 956 1201 (1912),
991 1146 1107 1186 cuius
1138 1144 1213 1185 sub
1245 1144 1366 1185 verbo
1399 1144 1560 1185 Hekabe
1593 1144 1713 1197 Sittig
1743 1157 1764 1184 e

186 1212 390 1257 Pindarici
418 1214 581 1266 paeanis
605 1211 701 1253 vm.
736 1223 867 1265 nuper
895 1212 1047 1251 inventi
1082 1211 1128 1250 l'r.
1156 1208 1214 1251 82
1246 1207 1412 1266 (Oxyrh.
1438 1210 1530 1263 Pap.
1556 1210 1588 1249 V
1617 1207 1765 1264 1908),

185 1291 267 1334 quo
296 1277 483 1320 Hecubae
514 1279 714 1319 somnium
746 1277 1051 1329 significaretur,
1083 1276 1279 1317 conclusit
1310 1273 1368 1329 (p.
1395 1273 1573 1331 2654„,
1598 1273 1680 1330 56⁶
1692 1272 1764 1330 ss.)

185 1345 267 1386 lam
290 1349 383 1386 ante
401 1343 610 1397 Sophoclis
635 1342 879 1396 tragoediam
898 1343 1100 1382 exstitisse
1120 1341 1274 1382 Paridis
1294 1343 1594 1395 expositionem.
1633 1354 1765 1394 neque

186 1422 283 1451 vero
313 1409 412 1451 illud
443 1414 719 1462 argumentum
754 1414 834 1448 tam
861 1414 1015 1448 certum
1042 1412 1115 1460 est,
1147 1409 1332 1460 quoniam
1359 1409 1401 1447 in
1427 1409 1514 1459 ipso
1543 1407 1765 1460 fragmento

187 1474 369 1517 maulaio
395 1474 444 1515 de
470 1475 717 1527 expositione
745 1479 811 1514 aut
838 1474 1109 1525 recognitione
1129 1472 1229 1513 nihil
1248 1474 1461 1513 invenitur.
1495 1478 1633 1512 contra
1653 1473 1764 1525 equi-

188 1539 280 1582 dem
305 1539 398 1581 iude
424 1552 568 1581 novum
595 1538 818 1580 subsidium
844 1550 958 1578 sumo
984 1538 1034 1578 ad
1053 1537 1217 1578 Roberti
1242 1539 1481 1579 sententiam
1508 1536 1763 1578 fulciendam.

187 1604 410 1647 Cassandra
435 1606 543 1646 enim
569 1605 783 1645 clamorem
809 1604 1010 1644 funestum
1037 1602 1130 1656 edit,
1156 1616 1259 1644 cum
1278 1602 1549 1643 Alexander
1573 1602 1764 1655 prosec-

188 1677 329 1712 turus
353 1666 427 1711 est'
453 1671 501 1710 in
527 1665 825 1723 Graeciam.')
856 1681 951 1722 ergo
977 1674 1085 1709 vates
1112 1668 1243 1709 divino
1269 1670 1435 1708 numine
1460 1667 1704 1708 inflammata
1730 1668 1764 1706 si

189 1742 275 1778 tum
306 1735 466 1777 demum
498 1736 707 1787 somnium,
742 1747 820 1787 quo
851 1733 946 1774 olim
971 1733 1131 1774 Hecuba
1163 1735 1374 1787 perterrita
1407 1735 1471 1785 sit,
1506 1732 1650 1786 prodit,
1685 1744 1763 1772 non

188 1801 308 1855 paulo
333 1807 424 1842 aute
450 1800 600 1852 eadem,
625 1812 676 1841 ne
703 1800 826 1840 frater
850 1800 1054 1853 expositus
1073 1801 1114 1840 in
1136 1799 1295 1840 domum
1316 1800 1484 1852 patriam
1505 1800 1765 1851 reciperetur,

190 1868 363 1921 monuit3
381 1878 430 1907 eo
449 1868 556 1907 enim
575 1867 617 1907 in
639 1865 869 1906 discrimine
890 1864 1057 1918 periculi
1077 1866 1264 1905 instantis
1277 1865 1507 1905 vaticinium
1528 1865 1615 1904 sine
1636 1864 1765 1903 somni

190 1933 518 1986 interpretatione
545 1931 676 1972 locum
701 1942 781 1972 uon
806 1930 987 1971 habebat.
1019 1929 1244 1982 negandum
1264 1932 1387 1983 igitur
1406 1935 1466 1970 est
1486 1942 1605 1982 quam
1626 1929 1766 1968 certis-

187 1998 291 2039 simo
315 2003 406 2038 ante
432 1999 510 2038 iter
534 1999 576 2038 in
595 1996 803 2037 Graeciam
822 1997 1048 2036 institutum
1068 1997 1347 2037 intercessisse
1367 1990 1764 2048 ἀναγνωρισμόν.*)

251 2126 286 2171 1)
310 2134 397 2161 unm
422 2124 523 2169 quod
548 2123 634 2160 Hec.
660 2135 694 2159 v.
723 2127 788 2159 181
816 2133 884 2168 pro
908 2123 1059 2159 nomino
1083 2123 1221 2159 Priami
1248 2122 1484 2159 substituitur
1510 2120 1683 2167 πρέσβυς,
1708 2131 1766 2155 res

187 2177 297 2215 ditet
326 2189 366 2215 se
389 2177 512 2220 habet.
545 2177 721 2238 qnoniam
746 2186 820 2212 non
845 2176 938 2211 tanti
964 2176 1117 2212 interest
1139 2176 1276 2211 Priami
1303 2176 1432 2221 ipsius,
1466 2186 1579 2220 quam
1606 2174 1766 2209 filiorum

189 2230 390 2277 accitique
421 2230 552 2267 tutori·
583 2230 821 2274 amissorum,
853 2233 890 2265 et
915 2229 1087 2265 Hecubae
1112 2241 1207 2265 uuus
1233 2234 1375 2264 cantum
1401 2229 1439 2264 in
1466 2239 1616 2264 censum
1641 2227 1766 2264 venire

189 2284 328 2331 potum
354 2287 481 2321 eontra.
504 2284 636 2320 Ἰῖοιά.
658 2288 701 2320 41
729 2283 809 2319 iure
835 2283 1043 2319 exhibetur:
1070 2284 1239 2328 φροῦδος
1262 2283 1304 2318 δὲ
1326 2280 1533 2326 Πρίαμος
1557 2282 1622 2317 καὶ
1640 2280 1766 2322 τέκνα,

188 2348 417 2384 quanquam
447 2349 555 2374 versu
589 2337 778 2383 superiore
810 2338 847 2372 et
870 2336 1022 2372 Hecuba
1052 2339 1088 2371 et
1111 2335 1297 2380 Polyxena
1322 2337 1544 2370 memoratae
1570 2334 1646 2369 iam
1671 2336 1766 2369 sunt.

250 2393 287 2436 2)
314 2391 636 2437 Apollodorus,
668 2391 733 2436 qui
765 2393 906 2436 spectat
935 2390 973 2426 in
1004 2389 1242 2435 Euripidis
1274 2388 1451 2430 fabulam,
1485 2387 1636 2433 οἰκέτην
1669 2398 1766 2428 eum,

191 2443 260 2490 qui
290 2443 468 2480 infantem
499 2445 662 2490 exponit.
693 2447 878 2480 servatum
909 2444 993 2488 post
1016 2443 1182 2488 quinque
1208 2443 1287 2478 dies
1314 2442 1456 2487 recipit,
1487 2442 1654 2477 nominat
1678 2438 1766 2486 Ἀγέ-

192 2498 297 2541 λαον,
321 2498 423 2543 quod
440 2508 574 2534 nomen
593 2498 782 2543 perlucide
802 2497 1011 2542 singnifioat
1029 2498 1213 2541 pastorem
1239 2498 1276 2541 (a.
1295 2507 1382 2531 voce
1401 2495 1539 2541 ἀγέλη).
1572 2494 1672 2530 haud
1692 2494 1767 2529 scio

194 2553 316 2587 uuum
341 2550 429 2587 iude
454 2550 601 2587 fluxerit
623 2562 769 2592 nomen,
795 2551 896 2596 quod
922 2549 1082 2585 servavit
1106 2549 1126 2585 ὀ
1146 2549 1298 2595 γράψας
1317 2549 1363 2584 τὰ
1386 2547 1687 2595 Τραγῳδούμυα
1714 2547 1767 2592 (iu

193 2603 305 2640 ecbol.
332 2603 372 2640 IL
404 2606 436 2640 Γ
449 2606 550 2650 82⁶):
576 2603 598 2641 ὁ
617 2604 768 2649 θρέψας
786 2604 853 2640 τὸν
875 2603 998 2647 Πάριν
1018 2604 1154 2648 νομεὺς
1168 2600 1360 2648 Ἀρχιάλας
1379 2601 1545 2638 ἐκαλεῖτο
1566 2600 1618 2646 (C.
1637 2600 1769 2636 Mffller

192 2657 346 2703 quidem
365 2656 462 2693 mo
482 2656 528 2693 111
550 2660 619 2694 808
638 2657 680 2694 tr.
704 2662 744 2693 11
773 2657 932 2692 scribere
952 2656 1093 2692 mavult
1110 2654 1317 2702 Ἀγχίαλος,
1344 2655 1530 2690 Welcker:
1555 2652 1769 2700 Ἀρχέλαος),

192 2720 242 2747 ιιι
265 2710 390 2757 potius
415 2710 455 2746 id
479 2710 634 2747 verbum
657 2711 899 2757 repetendum
925 2710 973 2745 sit
998 2722 1018 2746 e
1044 2709 1234 2755 Sophoclis
1261 2709 1449 2745 memoria..

254 2766 290 2810 8)
315 2763 359 2800 cl.
386 2764 409 2800 l.
436 2767 499 2799 20:
525 2762 725 2801 σπεύδοντ’
755 2764 906 2810 inlares
931 2774 960 2800 c.
988 2764 1170 2799 editorum
1195 2763 1318 2798 adnot„

251 2819 289 2863 4)
313 2829 411 2853 nuuc
437 2818 510 2854 inm
534 2816 645 2853 ultius
670 2818 826 2854 facimus
852 2820 889 2853 et
914 2817 952 2852 in
977 2817 1123 2863 cypriis
1150 2828 1184 2862 p.
1210 2820 1288 2864 17„
1320 2815 1376 2852 Ki.
1404 2819 1441 2851 et
1465 2815 1565 2860 apud
1592 2813 1769 2850 Ovidium

194 2882 252 2916 ep.
283 2874 439 2919 mnas,
473 2870 663 2907 fatidicam
694 2871 797 2907 fratri
830 2871 1016 2906 obstitisse
1047 2881 1090 2906 eo
1121 2873 1286 2915 tempore
1318 2880 1401 2905 cum
1434 2872 1512 2904 erat
1536 2867 1767 2914 profectum·

194 2923 253 2967 (cs.
280 2922 445 2959 Weutsel
469 2934 505 2969 p.
528 2927 583 2967 1⁶,
608 2924 773 2961 Zooilner
797 2936 833 2970 p.
858 2926 949 2969 110).
