2106 3320
999 137 1293 179 —34.-

363 269 463 311 quae
496 258 641 297 summi
678 257 868 296 momenti
907 261 968 296 est
999 256 1212 296 Colluthi
1242 257 1422 310 Raptus
1453 258 1683 311 Helenae,
1721 261 1789 311 qui
1818 265 1936 312 poeta

366 324 503 376 epicus
530 323 605 362 etsi
631 326 741 361 sexto
769 321 926 361 demum
952 334 989 373 p.
1012 321 1101 361 Chr.
1122 334 1160 361 n.
1182 322 1338 362 saeculo
1367 322 1543 376 florebat,
1578 329 1709 364 tamen
1736 324 1941 377 exemplar

364 388 544 429 adhibuit
570 386 878 426 Alexandrinum
888 382 942 442 ¹);
975 391 1092 438 atque
1125 388 1243 426 etiam
1270 387 1469 428 Ovidius
1502 390 1707 429 materiam
1732 389 1864 429 hausit
1889 402 1937 429 ex

365 458 525 494 auctore
559 451 727 504 quodam
761 451 1025 491 Alexandrino
1059 447 1127 506 (cs.
1154 452 1336 492 Zoellner
1365 465 1402 505 p,
1433 450 1548 509 112).
1589 453 1659 493 sed
1690 454 1751 494 vel
1781 454 1938 507 longius

364 530 578 572 possumus
604 516 809 557 recedere:
837 529 955 569 saepe
976 518 1054 556 iam
1075 517 1304 558 observatae
1326 523 1419 558 sunt
1438 519 1731 572 similitudines,
1757 532 1858 572 quae
1876 521 1939 559 in-

366 583 578 624 tercedunt
603 584 709 622 inter
735 581 907 621 Colluthi
934 587 972 621 et
998 581 1128 621 Ovidii
1154 584 1329 622 carmina
1356 588 1411 635 et,
1444 583 1572 636 quoad
1598 590 1764 636 possunt
1787 590 1942 625 restau-

366 651 459 701 rari,
486 644 678 704 Cypria.²)
707 648 815 699 atqui
835 647 1018 687 Zoellner
1044 649 1078 686 si
1102 647 1285 701 Ovidium
1311 649 1441 700 ipsum
1468 648 1597 689 adisse
1624 649 1766 702 Cypria
1791 655 1939 702 censet,

366 714 482 767 paulo
515 713 681 753 calidius
714 712 890 752 iudicare
923 713 1021 752 mihi
1046 712 1213 752 videtur.
1249 713 1323 752 hoc
1348 718 1501 753 tantum
1533 726 1595 753 me
1622 714 1783 766 quidem
1807 714 1939 754 iudice

366 785 497 833 potest
517 780 724 819 affirmari:
752 783 918 817 auctor
944 777 1102 830 quidam
1122 777 1494 830 Alexandrinus,
1520 791 1638 831 quem
1659 784 1698 819 et
1717 779 1880 819 Ovidius
1902 783 1942 819 et

368 845 573 886 Colluthus
598 848 902 896 usurpaverunt,
928 855 1026 882 usus
1052 848 1112 882 est
1138 843 1379 883 carminibus
1406 843 1578 897 Cypriis3
1605 845 1659 884 ita
1683 849 1739 896 ut,
1765 845 1834 896 qui
1853 844 1942 884 Col·

368 911 523 951 luthum
544 909 779 961 Cypriorum
799 907 983 960 fabulam,
1003 920 1076 960 per
1092 908 1400 949 Alexandrinum
1421 908 1616 960 quendam
1637 914 1837 949 auctorem
1859 921 1941 950 ser-

371 981 508 1028 vatam,
534 974 727 1028 praebere
755 979 925 1025 censeat,
951 986 1031 1013 non
1056 973 1171 1025 longe
1199 973 1302 1013 absit
1328 986 1348 1013 a
1374 970 1590 1029 veritate.³)

428 1042 546 1093 Atqui
567 1039 822 1079 Colluthus
849 1038 1041 1091 quidquid
1068 1038 1114 1078 de
1135 1038 1275 1078 Paride
1295 1038 1490 1091 perhibet,
1517 1049 1568 1079 ex
1588 1051 1634 1079 eo
1655 1044 1819 1092 apparet
1835 1040 1945 1080 hunc

370 1119 450 1146 non
482 1111 561 1146 tam
594 1105 740 1144 Priami
778 1116 935 1144 servum
966 1109 1244 1156 pastoremque
1283 1104 1524 1144 clarissimae
1562 1105 1729 1156 originis
1760 1106 1946 1157 inscium,

371 1184 488 1225 quam
521 1172 627 1223 regis
660 1170 785 1209 filium
818 1170 912 1221 fingi
944 1170 1068 1221 patris
1094 1181 1238 1221 pecora
1264 1182 1334 1208 sua
1361 1174 1500 1221 sponte
1526 1166 1805 1225 pascentem.4)
1842 1170 1947 1210 hanc

371 1242 504 1278 autem
531 1236 685 1276 fabulae
711 1236 876 1274 formam
903 1247 993 1274 cum
1020 1247 1040 1273 a
1062 1234 1242 1274 Collutho
1268 1236 1354 1286 ipso
1380 1236 1580 1274 inventam
1607 1247 1695 1275 esse
1722 1247 1838 1275 nemo
1859 1248 1946 1276 cre-

373 1302 450 1354 dat,
470 1314 520 1341 ne
541 1306 678 1341 auctor
698 1299 858 1352 quidem
879 1300 965 1339 eius
984 1298 1165 1338 Paridem
1189 1301 1410 1351 expositum
1430 1301 1471 1339 in
1492 1301 1667 1339 carmine
1688 1312 1760 1340 suo
1780 1296 1944 1356 finxit.⁵)

372 1380 502 1420 neque
527 1367 625 1406 haec
653 1367 849 1405 sententia
876 1365 1106 1415 infringitur
1131 1376 1189 1416 eo,
1216 1364 1321 1416 quod
1341 1364 1503 1404 Ovidius
1524 1365 1641 1404 offert
1660 1367 1946 1417 expositionem
2017 1361 2020 1363 ’

374 1428 508 1489 (epist.
528 1431 682 1471 Paridis
709 1427 862 1482 51-2,
890 1426 1071 1481 89-92,
1098 1425 1301 1484 361-2),
1337 1442 1453 1482 quam
1488 1429 1604 1469 debet
1635 1435 1702 1470 aut
1732 1431 1948 1483 tragoediis

376 1493 477 1554 (sive
504 1497 746 1536 Graecorum
773 1497 854 1535 sive
879 1495 1147 1535 Romanorum
1174 1495 1221 1534 cf.
1244 1495 1424 1535 Zoellner
1452 1493 1535 1536 108
1557 1492 1607 1551 s.)
1635 1501 1702 1536 aut
1727 1496 1949 1536 enchiridio

375 1563 530 1604 cuidam
564 1562 826 1614 mythologico
856 1556 923 1615 (cf.
943 1560 1123 1600 Wentzel
1149 1573 1184 1613 p.
1205 1556 1303 1615 49):
1342 1566 1381 1600 et
1411 1561 1587 1613 profecto
1619 1561 1661 1600 hi
1692 1574 1847 1614 versus,
1880 1562 1949 1614 qui

376 1634 497 1681 agunt
529 1628 576 1667 de
604 1628 868 1679 expositione,
899 1628 964 1665 vix
998 1626 1211 1665 cohaerent
1244 1638 1333 1665 cum
1361 1625 1543 1679 reliquis,
1578 1627 1632 1666 ita
1662 1631 1707 1666 ut
1738 1626 1853 1667 facile
1884 1640 1951 1666 co·

377 1698 618 1746 gnoscantur
648 1694 774 1745 priori
806 1691 960 1732 fabulae
991 1691 1195 1743 inculcati,
1237 1691 1341 1744 quod
1371 1703 1559 1731 versuum
1591 1702 1769 1732 conexus
1801 1694 1949 1732 extrin-

379 1772 494 1800 secus
531 1757 647 1798 modo
679 1758 889 1810 impositus
922 1752 1032 1812 estfi)
1071 1757 1146 1796 hoc
1189 1756 1350 1808 quidem
1389 1762 1541 1796 certum
1582 1762 1643 1797 est
1680 1758 1775 1798 satis
1805 1757 1950 1798 multas

440 1868 473 1912 1)
500 1867 601 1910 quod
620 1866 783 1900 Zoellner
806 1866 1058 1910 comprobavit
1077 1865 1331 1900 dissertatione
1349 1865 1526 1910 inscripta
1538 1864 1732 1901 ‘Analecta
1750 1864 1951 1901 ovidiana'

381 1924 484 1963 1892,
511 1920 694 1955 Ovidiana
714 1918 858 1953 Paridis
885 1919 1044 1963 epistula
1068 1921 1294 1963 comparata3
1321 1918 1365 1953 cf.
1384 1919 1582 1963 praecipue
1606 1931 1669 1963 pp.
1691 1923 1734 1953 56
1761 1921 1797 1954 et
1822 1922 1902 1955 114.

440 1975 474 2018 2)
500 1973 544 2008 cf.
570 1972 747 2015 Wentzel,
768 1971 1049 2017 Ἐπιθαλάμιον
1077 1975 1131 2014 13,
1159 1975 1202 2006 39
1230 1983 1275 2006 ss.
1304 1973 1339 2006 et
1363 1972 1536 2015 Zoellner,
1565 1972 1671 2007 Anal.
1693 1972 1798 2008 Ovid.
1824 1984 1861 2017 p.
1882 1975 1952 2007 106

378 2029 509 2062 —112.

441 2082 475 2124 3)
500 2091 588 2115 nam
606 2079 766 2122 Proclus,
794 2079 859 2123 qui
885 2078 1013 2113 dubito
1040 2089 1087 2113 an
1105 2089 1190 2113 vere
1211 2078 1282 2112 fuit
1301 2074 1421 2122 quinti
1440 2089 1476 2122 p.
1498 2077 1579 2112 Chr.
1601 2088 1693 2112 saec.
1713 2077 1951 2122 Neoplatoni-

381 2146 456 2177 cus,
481 2135 604 2168 utrum
629 2133 710 2177 ipse
736 2132 869 2168 adierit
894 2131 1030 2176 Cypria
1054 2143 1101 2166 an
1125 2132 1248 2176 potius
1275 2131 1400 2175 aliquo
1425 2132 1572 2166 auctore
1595 2131 1698 2165 nisus
1725 2131 1783 2173 sit,
1817 2131 1955 2167 diserto

381 2188 575 2223 decernere
599 2197 675 2221 non
700 2187 830 2229 audeo,
857 2196 1083 2229 quamquam
1112 2196 1229 2229 usque
1252 2185 1299 2219 ad.
1317 2184 1412 2218 illud
1431 2195 1563 2219 aevum
1583 2183 1718 2228 Cypria
1741 2185 1955 2228 pervenisse

381 2241 526 2285 integra
549 2240 770 2285 persuadere
793 2239 887 2273 mihi
913 2250 987 2274 non
1005 2250 1158 2283 possum
1178 2238 1237 2284 (cf.
1258 2237 1557 2280 Christ-Schmid,
1583 2237 1720 2282 griech.
1739 2237 1808 2272 Lit.
1827 2238 1843 2272 I
1863 2239 1954 2285 87⁸)-

442 2295 479 2340 4)
505 2294 605 2337 quod
630 2293 806 2337 probatur
830 2304 888 2327 vv.
911 2296 967 2335 72,
995 2295 1074 2335 104,
1102 2295 1181 2335 139,
1210 2295 1289 2334 142,
1317 2294 1402 2333 149;
1429 2291 1473 2326 cf.
1499 2291 1663 2326 Zoellner
1686 2302 1723 2335 p.
1746 2294 1824 2326 101.

444 2349 478 2393 5)
505 2347 715 2381 Colluthum
736 2346 847 2389 enim,
867 2346 1014 2381 fidelem
1032 2346 1197 2390 priorum
1212 2345 1446 2389 discipulum,
1466 2344 1726 2388 gravissimum
1739 2344 1832 2379 illud
1845 2355 1954 2390 argu-

383 2402 549 2436 mentum
573 2400 782 2445 neglexisse
806 2411 954 2444 prorsus
980 2398 1196 2433 incredibile
1222 2399 1285 2433 est.

446 2456 482 2500 6)
508 2454 648 2488 accedit
674 2454 774 2497 quod
798 2453 869 2487 hoc
887 2452 1030 2487 Paridis
1058 2452 1213 2496 expositi
1240 2451 1494 2496 recog-nitique
1526 2452 1783 2496 argumentum
1806 2449 1955 2486 notissi-

384 2519 488 2543 mum
513 2507 627 2541 fuisse
651 2506 864 2542 Romanis
891 2505 1131 2550 comprobant
1154 2506 1409 2540 monumenta:
1435 2504 1639 2539 identidem
1664 2504 1764 2540 enim
1788 2504 1828 2538 in
1853 2503 1955 2540 cistis

385 2562 619 2596 Etruscorum
647 2560 863 2594 funebribus
890 2561 999 2604 (quae
1026 2569 1138 2594 saecc.
1159 2569 1191 2593 a.
1213 2558 1294 2593 Chr.
1313 2569 1348 2592 n.
1369 2557 1467 2592 tertii
1494 2558 1530 2592 et
1553 2557 1703 2592 alterius
1730 2558 1827 2603 sunt)
1851 2556 1955 2592 Paris

386 2614 536 2659 fingitur
561 2625 583 2648 a
607 2613 779 2648 fratribus
806 2624 1002 2657 oppressus
1028 2612 1086 2658 (cf.
1107 2612 1248 2654 Brunn,
1274 2610 1411 2646 Rilievi
1437 2610 1530 2645 delle
1556 2622 1646 2645 urne
1673 2611 1836 2645 etrusche
1857 2610 1953 2657 I,-³⁴

387 2670 423 2703 et
447 2667 579 2710 Schlie,
605 2666 886 2711 Darstellungen
913 2666 976 2701 des
995 2665 1124 2710 trojan.
1146 2664 1405 2710 Sagenkreises
1425 2664 1492 2698 auf
1507 2664 1642 2698 etrusk.
1662 2663 1959 2708 Aschenkisten),

388 2732 483 2765 quae
515 2720 696 2765 imagines
722 2720 883 2754 variatae
915 2730 959 2754 ex
984 2730 1057 2753 uno
1089 2718 1286 2762 archetypo
1317 2717 1500 2762 profectae
1529 2719 1614 2752 sunt
1638 2717 1696 2762 (cf.
1717 2715 1958 2760 Baumeister„

387 2774 544 2809 Denkm.
565 2774 600 2808 d.
619 2773 669 2808 kl.
690 2773 760 2807 Alt.
782 2773 814 2807 H
836 2776 926 2807 1887
951 2784 988 2817 p.
1011 2773 1133 2818 1161),
1166 2783 1249 2806 cum
1281 2771 1351 2805 ista
1376 2781 1507 2805 scaena
1530 2782 1577 2805 ne
1602 2781 1676 2805 uno
1701 2769 1854 2814 quidem
1877 2779 1957 2805 mo·

388 2828 562 2862 numento
595 2837 755 2872 graeco
786 2826 893 2860 nobis
926 2826 1107 2861 offeratur.
1134 2824 1332 2860 Schwenck
1357 2823 1508 2868 quidem
1539 2824 1646 2869 (Mus.
1664 2823 1781 2858 Rhen.
1800 2823 1816 2857 I
1835 2823 1959 2868 (1842)

388 2892 423 2924 p.
446 2883 513 2915 635
535 2881 577 2925 s.)
604 2891 623 2914 e
655 2879 858 2914 rationibus
888 2890 971 2913 cum
996 2881 1104 2924 gente
1130 2877 1225 2913 Iulia
1248 2876 1556 2913 intercedentibus
1583 2876 1829 2912 celebritatem
1852 2885 1955 2919 repe-
