2106 3320
985 114 1250 156 -6..-

326 242 461 293 itaque
495 237 700 279 subductis
733 236 894 276 calculis
926 237 1088 288 ponitur
1121 247 1282 275 carmen
1313 237 1355 275 in
1388 248 1419 275 a.
1439 232 1582 289 442s1‚
1615 249 1692 288 quo
1717 241 1896 289 tempore

326 306 521 357 Antigona
545 302 748 354 tragoedia
773 303 815 341 in
839 301 977 353 volgus
1005 307 1066 341 est
1090 300 1211 340 edita:
1240 313 1317 352 qua
1344 300 1391 341 de
1417 301 1569 341 ratione
1595 301 1698 341 infra
1723 313 1896 354 agemus.

327 371 376 411 de
403 373 636 422 argumento
664 370 769 408 enim
794 368 983 420 poematii
1013 365 1256 406 breviusculi
1289 377 1336 405 ex
1361 366 1460 418 ipsis
1485 365 1618 406 verbis
1643 366 1743 406 nihil
1767 371 1899 420 potest

327 435 523 487 concludi,
548 446 678 487 neque
700 433 746 473 de
774 432 923 472 ambitu
950 445 997 472 ex
1024 444 1081 484 eo,
1108 431 1213 484 quod
1232 430 1468 471 Plutarchus
1495 431 1666 484 appellat
1690 429 1897 487 ἐπιγραμ-

324 500 499 555 μάτιον,
526 501 626 540 certi
651 501 863 552 quicquam
890 499 1078 538 constitui
1104 509 1221 550 posse
1253 496 1421 537 videtur.
1432 493 1465 552 ¹)

388 567 484 606 Eam
521 578 614 606 vero
647 564 696 605 ob
736 577 892 604 causam
925 563 1019 603 huic
1057 562 1226 602 disticho
1258 564 1470 602 maximam
1500 562 1632 602 tribuo
1664 563 1762 615 vim,
1794 562 1900 615 quod

326 636 509 685 apertum
534 630 651 670 offert
669 630 941 670 testimonium
961 629 1124 668 intimae
1151 627 1430 668 familiaritatis
1456 629 1562 678 inter
1586 628 1659 668 hos
1685 629 1803 680 viros,
1830 629 1899 680 qui

327 697 577 750 appellantur
608 696 747 736 aetatis
778 694 979 734 Pericleae
1010 699 1191 734 auctores
1224 692 1558 733 excellentissimi.
1609 706 1683 733 nec
1709 693 1750 733 id
1774 705 1900 733 unum

327 761 630 803 consuetudinis
662 762 931 801 testimonium
972 761 1118 799 nostris
1151 759 1276 799 oculis
1309 759 1532 799 subiectum
1571 764 1642 798 est.
1699 758 1826 799 adhuc
1857 759 1898 798 in

328 828 510 869 manibus
553 826 744 867 habemus
788 825 993 878 reliquias,
1045 837 1144 877 quae
1187 826 1396 877 utriusque
1446 825 1678 864 memoriam
1729 822 1903 864 reddunt

326 899 547 947 aeternam3
574 897 691 944 atque
716 891 790 931 hae
817 896 910 930 sunt
935 891 1191 947 auctoritatis,
1219 902 1335 942 quam
1362 889 1461 930 alter
1492 891 1533 928 in
1560 889 1728 929 alterum
1752 888 1900 929 habue-

329 961 393 1011 rit,
418 963 542 999 testes
569 959 759 1000 sincerae.

373 1090 412 1130 G.
464 1089 660 1137 QUIBUS
685 1089 901 1129 FINIBUS
926 1087 1279 1127 IMITATIONES
1306 1086 1694 1126 INCLUDENDAE
1722 1085 1857 1126 SINT.

389 1178 469 1220 Nos
488 1180 610 1231 igitur
631 1179 668 1218 ei
678 1179 903 1230 provinciae
923 1189 1081 1229 operam
1104 1176 1346 1226 navabimus,
1370 1181 1414 1215 ut
1435 1187 1528 1214 num
1550 1174 1667 1227 Soph.
1686 1176 1728 1214 in
1748 1179 1901 1226 tragoe-

329 1246 415 1285 dias
447 1257 538 1285 suas
571 1243 863 1296 componendas
896 1255 943 1283 ex
968 1242 1063 1282 Hdti
1093 1241 1206 1281 libris
1237 1241 1437 1280 historicis
1469 1239 1659 1292 quasdam
1685 1240 1902 1279 sententias

329 1313 412 1351 sive
439 1309 696 1363 exprimendo
717 1311 798 1349 sive
819 1308 1026 1348 alludendo
1047 1308 1273 1360 sumpserit,
1294 1306 1552 1358 inquiramus.
1579 1304 1650 1345 sed
1667 1306 1901 1357 priusquam

328 1376 378 1416 ad
404 1389 491 1417 eam
517 1377 643 1428 ipsam
669 1376 875 1414 materiam
897 1373 1143 1425 accedemus,
1168 1384 1294 1425 pauca
1314 1370 1433 1410 verba
1452 1371 1642 1411 faciemus
1664 1369 1711 1410 de
1729 1374 1811 1410 tota
1830 1369 1903 1409 hac

328 1443 596 1483 imitationum
622 1442 865 1494 quaestione.
1871 1429 1876 1433 ⁴

389 1507 421 1547 Α
451 1507 648 1559 principio
680 1507 768 1545 fieri
797 1507 974 1558 potuisse
1006 1517 1085 1544 non
1112 1508 1173 1543 est
1198 1502 1433 1554 negandum,
1466 1506 1511 1541 ut
1543 1501 1660 1553 Soph.
1687 1500 1782 1540 Hdti
1813 1512 1904 1540 sen-

332 1574 477 1612 tentias
508 1572 569 1611 vel
600 1571 719 1611 verba
749 1573 791 1611 in
823 1583 985 1611 suarum
1017 1568 1239 1609 fabularum
1271 1580 1390 1607 usum
1424 1568 1632 1606 vocaverit.
1675 1578 1751 1618 qua
1785 1566 1827 1605 in
1859 1577 1903 1605 re

330 1639 573 1678 conveniunt
590 1649 727 1677 omnes
747 1637 831 1677 fere
851 1637 1080 1688 scriptores,
1099 1639 1144 1674 ut
1154 1632 1391 1686 quibusdam
1411 1645 1459 1672 ex
1480 1631 1654 1672 fontibus
1673 1635 1905 1683 argumenta

330 1715 403 1743 sua
428 1703 630 1743 hauriant:
666 1714 796 1755 neque
830 1703 948 1753 enim,
975 1702 1120 1753 quippe
1155 1700 1223 1752 qui
1244 1700 1369 1738 simus
1401 1697 1594 1748 homines,
1615 1697 1744 1736 facere
1764 1708 1904 1748 possu-

331 1781 433 1821 mus,
457 1774 503 1808 ut
521 1769 653 1808 omnia
678 1780 769 1808 cum
795 1765 1115 1806 antecessoribus
1141 1769 1180 1804 et
1206 1763 1437 1816 aequalibus
1457 1762 1613 1802 vincula
1635 1761 1906 1801 dissolvamus.

331 1836 385 1873 ita
412 1834 559 1874 factum
585 1839 656 1885 est,
681 1838 727 1873 ut
751 1831 1109 1872 Alexandrinorum
1134 1831 1212 1870 iam
1239 1841 1333 1869 aevo
1360 1841 1505 1868 novum
1530 1827 1754 1868 litterarum
1781 1838 1906 1879 genus

330 1904 526 1951 oreretur,
560 1911 638 1950 quo
671 1897 804 1938 ‘furta'
838 1897 904 1937 illa
930 1890 1270 1948 indagarentur.²)
1305 1895 1347 1933 in
1381 1906 1427 1932 eo
1462 1898 1615 1932 tantum
1649 1894 1777 1944 posita
1813 1897 1907 1932 sunt

333 1964 575 2016 discrimina,
608 1977 684 2016 quo
717 1963 881 2003 consilio
907 1962 969 2002 vel
995 1974 1113 2014 quem
1139 1959 1188 2000 ad
1214 1960 1334 1998 finem
1361 1958 1502 2010 aliquis
1529 1957 1678 2009 aliquid
1702 1962 1906 1997 mutuatus

331 2031 396 2069 sit.
422 2030 618 2082 imprimis
644 2041 737 2069 vero
764 2030 892 2081 repeti
918 2027 1045 2067 solent
1066 2026 1218 2078 dignae,
1245 2036 1344 2076 quae
1360 2024 1555 2077 ,memoria
1573 2027 1796 2073 teneantur,
1817 2034 1905 2062 sen-

332 2096 480 2136 tentiae
506 2108 550 2135 ac
570 2096 830 2146 narrationes,
857 2092 1002 2146 quibus
1035 2105 1111 2144 quo
1137 2091 1354 2130 incitentur
1380 2090 1501 2128 animi
1521 2090 1626 2128 inest
1646 2087 1794 2139 aliquid
1814 2099 1905 2140 pro-

332 2162 422 2213 prii,
448 2159 640 2212 mirabile,
667 2156 820 2214 acuti-⁹²)

395 2283 430 2326 1)
456 2282 556 2326 quod
581 2281 734 2325 quidem
757 2279 881 2325 Bergk
904 2279 1087 2324 tragicum
1113 2277 1249 2312 dixisse
1268 2277 1374 2321 putat
1394 2287 1432 2311 se
1452 2285 1566 2310 annos
1587 2277 1631 2309 55
1657 2275 1786 2309 natum
1809 2284 1908 2308 nunc

333 2334 496 2380 primum
521 2334 569 2368 ad
593 2345 672 2369 rem
696 2332 886 2378 publicam
911 2332 1094 2374 accedere,
1122 2332 1217 2366 certe
1242 2330 1376 2365 falsum
1403 2331 1467 2372 est,
1495 2327 1671 2373 quoniam
1695 2328 1807 2372 poeta
1832 2326 1904 2362 eol-

333 2387 433 2433 legio
458 2387 625 2423 interfuit
647 2387 803 2431 imperio
829 2386 950 2421 Attico
978 2385 1176 2420 dividendo
1203 2395 1236 2420 a..
1256 2383 1380 2431 443s2‚
1402 2379 1693 2428 Ἑλληνοταμίας
1716 2380 1781 2427 (IG
1799 2380 1816 2415 I
1836 2383 1904 2415 237

332 2453 371 2487 p.
394 2442 486 2487 120).

395 2496 431 2540 2)
457 2495 500 2530 cf.
526 2493 687 2537 Norden,
713 2494 752 2528 in
778 2495 969 2529 comment.
997 2493 1044 2527 ad
1068 2491 1176 2537 Verg.
1204 2491 1293 2526 Aen.
1314 2490 1374 2534 VI,
1400 2501 1436 2534 p.
1458 2492 1554 2535 3592.

396 2549 432 2595 3)
457 2548 595 2583 scilicet
619 2548 693 2582 alia
718 2549 773 2582 est
795 2558 864 2590 res,
891 2547 991 2591 quod
1017 2545 1237 2581 Graecorum
1262 2545 1340 2579 erat
1363 2542 1534 2579 omnibus
1559 2542 1600 2576 in
1619 2541 1758 2577 artibus
1779 2541 1904 2586 singu-

335 2602 381 2637 lis
400 2601 555 2636 retinere
573 2601 708 2636 formas
733 2600 937 2645 antiquitus
962 2599 1126 2641 traditas,
1152 2608 1247 2642 quae
1273 2596 1386 2632 semel
1410 2597 1521 2640 atque
1552 2595 1687 2630 iterum
1717 2594 1906 2630 adhibitae

334 2656 445 2691 altius
464 2656 575 2700 atque
593 2654 702 2690 altius
723 2655 957 2700 augerentur:
984 2653 1024 2688 in
1044 2663 1088 2687 ea
1104 2663 1144 2687 re
1162 2661 1237 2686 non
1262 2652 1326 2694 est,
1353 2650 1454 2694 quod
1477 2649 1663 2683 miremur.
1689 2649 1815 2683 contra
1836 2647 1907 2682 hac

335 2709 376 2743 in
401 2708 615 2753 quaestione
641 2707 751 2753 Soph.
782 2718 857 2743 non
888 2707 935 2742 ab
967 2707 1042 2741 ullo
1068 2707 1294 2741 antecessore
1318 2704 1437 2747 poeta,
1476 2702 1541 2737 sed
1577 2701 1623 2736 ab
1661 2701 1758 2735 Hdto
1782 2710 1904 2734 rerum

336 2762 511 2807 scriptore
535 2761 802 2804 historicarum,
829 2760 988 2805 sumpsit
1005 2759 1230 2805 argumenta,
1257 2766 1483 2801 quamquam
1502 2755 1601 2799 apud
1619 2756 1758 2789 veteres
1777 2753 1817 2787 in
1835 2764 1906 2787 usu

337 2817 424 2858 erat,
455 2817 497 2849 ut
526 2815 591 2850 uni
622 2816 780 2859 quisque
812 2813 1055 2859 componendi
1081 2823 1119 2847 se
1145 2812 1248 2846 daret
1270 2809 1498 2855 provinciae;
1532 2818 1618 2842 sane
1645 2807 1755 2852 Soph.
1780 2806 1906 2851 ipsum

335 2868 493 2904 traditur
517 2880 625 2903 usum
651 2879 729 2903 esse
755 2868 866 2903 etiam
890 2878 1000 2911 prosa
1025 2865 1199 2901 oratione.
1232 2875 1315 2898 cum
1341 2863 1386 2898 de
1413 2862 1521 2896 choro
1542 2861 1776 2905 componeret
1798 2859 1906 2895 libel-
