2106 3320
846 191 1171 234 —113—

214 325 400 357 menam
426 313 584 362 induxit
608 313 824 365 Aulideam,
852 313 1082 353 defecerunt
1109 314 1282 365 virgines
1308 311 1460 366 Deliae3
1485 324 1621 365 quare,
1646 312 1794 365 quibus

220 371 372 422 nmem‘
393 379 645 420 deminueret
670 380 710 419 in
737 391 892 419 summo
912 379 1147 430 Argivorum
1169 377 1413 431 discrimine,
1438 377 1659 419 Palamedis
1679 378 1795 418 linxit

215 446 386 488 inventa.
425 457 543 498 quam
575 444 623 486 ad
657 446 857 485 fictionem
890 445 1064 496 tragicus
1096 443 1318 496 perductus
1349 448 1411 484 est
1442 445 1560 484 etiam
1594 442 1793 496 Lydorum

214 509 380 552 historia
406 510 455 551 ab
481 509 584 551 Hdto
603 508 693 551 194
712 515 885 550 narrata.
913 509 969 549 illi
990 511 1096 549 enim
1117 509 1256 550 eadem
1277 510 1429 550 ratione
1449 507 1669 562 σιτοδείης
1688 506 1795 558 ἄκος

215 577 456 617 invenerunt
485 574 563 624 τὰς
591 575 801 628 παιγνίας
822 598 865 603 -
885 574 1002 628 πλὴν
1026 579 1204 616 πεσσῶν
1227 580 1272 615 ut
1302 575 1517 615 historicus
1548 574 1711 627 addidit,
1741 586 1792 615 ne

216 641 450 694 confligeret
480 653 571 682 cum
604 641 831 681 firmissima
863 639 1087 693 aequalium
1120 639 1211 693 ilde,
1244 653 1321 693 qua
1352 639 1652 693 significabatur
1681 639 1792 680 Pala-

214 706 362 748 medes.
401 712 537 747 contra
571 706 708 747 eadem
741 718 859 746 causa
891 706 1112 746 affirmatur
1137 718 1255 758 quam
1282 708 1508 746 certissime
1534 705 1681 747 Hdtum
1707 710 1791 747 tum

213 773 406 827 temporis
440 772 616 813 nondum
653 773 851 825 cognitam
887 770 1074 812 habuisse
1109 783 1197 812 eam
1235 772 1376 812 samam
1411 784 1488 824 qua
1524 771 1603 812 cibi
1634 772 1791 824 inopiae

213 836 506 879 Graecorum
526 837 792 878 adnectuntur
811 836 894 877 ludi
913 833 1111 891 inventi,¹)
1133 842 1174 877 et
1192 849 1309 890 quam
1324 836 1610 890 adscripsimus
1624 835 1791 890 Nauplio

212 902 455 957 Sophocleae
480 902 705 955 tragoediae
731 903 867 943 nescio
894 914 943 942 an
970 902 1161 943 historico
1186 907 1343 943 mortuo
1370 901 1529 943 demum
1556 902 1706 943 doctae.

272 967 352 1010 Sed
375 967 488 1009 valde
520 967 792 1010 aberravimus
825 980 847 1008 a
878 969 1092 1021 proposito,
1124 981 1202 1021 quo
1229 966 1281 1009 τὰ
1307 969 1511 1021 φοινίκια
1537 967 1793 1022 contemplati

212 1045 364 1076 sumus.
414 1032 709 1075 demonstrasse
753 1039 884 1074 autem
930 1033 1044 1073 nobis
1088 1033 1269 1074 videmur
1313 1033 1420 1074 illam
1464 1033 1635 1086 glossam
1678 1032 1791 1075 verbi

213 1097 448 1154 γράμματα
479 1098 565 1140 loco
596 1104 827 1152 usurpatam
860 1100 1063 1152 propriam
1093 1100 1201 1139 inter
1231 1099 1383 1139 Atticos
1415 1100 1539 1140 fuisse
1572 1099 1791 1152 Sophoclis.

210 1163 317 1217 quod
350 1164 514 1218 quidem
547 1165 790 1217 posteriores
826 1166 1042 1216 scriptores
1081 1170 1122 1204 et
1152 1163 1420 1217 lexicographi
1450 1177 1524 1217 per
1558 1164 1791 1205 abusionem

210 1229 452 1271 contrahunt
482 1228 710 1282 φοινίκεια
739 1227 987 1284 γράμματα,
1019 1241 1098 1270 non
1131 1229 1343 1270 mirabitur
1374 1231 1421 1283 is,
1452 1232 1522 1284 qui
1547 1232 1705 1284 quoties
1731 1232 1791 1271 in·

211 1294 412 1336 veniatur:
449 1292 503 1335 τὰ
539 1290 773 1349 γράμματα
809 1295 1052 1348 κεκλῆσθαι
1090 1295 1335 1348 φοινίκεια,
1375 1295 1618 1336 recordetur.
1670 1297 1791 1336 immo

209 1358 428 1401 notandum
459 1364 522 1400 est
553 1359 658 1413 apud
690 1359 779 1401 illos
811 1373 968 1413 quoque
1001 1360 1199 1401 interdum
1234 1362 1412 1413 separari
1435 1360 1490 1402 τὰ
1511 1357 1790 1413 φοινίκειαῆ
1814 1395 1821 1401 .

209 1430 348 1467 contra
366 1426 447 1466 nisi
466 1425 572 1466 illam
593 1427 863 1466 coniecturam
885 1426 932 1466 de
952 1425 1177 1478 φοινίκεια
1197 1425 1327 1478 glossa
1348 1426 1540 1479 prolatam
1560 1428 1790 1479 accipimus,

209 1503 461 1544 nequaquam
486 1496 655 1544 possunt
679 1490 857 1544 intellegi
883 1503 984 1544 quae
1004 1491 1103 1531 aliae
1124 1493 1231 1531 vocis
1252 1493 1601 1544 interpretationes
1622 1491 1790 1533 traditae

209 1560 316 1598 sunt.
366 1557 515 1597 etenim
548 1556 718 1597 Scamon
750 1556 1009 1609 Mytilenaeus
1044 1553 1139 1612 (aet.
1170 1559 1323 1608 incert„
1352 1554 1633 1611 Εὑρημάτων
1667 1557 1691 1597 l.
1721 1554 1787 1611 ll.)

208 1633 298 1663 eam
323 1620 475 1662 derivat
499 1619 586 1663 ἀπὸ
615 1621 828 1675 Φοινίκης
850 1626 927 1676 τῆς
948 1618 1257 1677 Ἀκταίωνοςθ)
1300 1621 1410 1663 addit
1433 1622 1554 1663 schol.
1568 1622 1680 1663 Dion.
1694 1622 1788 1663 Thr.

209 1699 246 1741 p.
268 1683 402 1743 182¹„
432 1684 547 1742 186υ
576 1684 714 1742 191„:
745 1682 864 1736 τινὲς
895 1684 944 1728 δὲ
977 1686 1201 1740 φοινίκεια
1234 1684 1446 1730 ἐκάλεσαν
1477 1687 1530 1729 τὰ
1555 1686 1789 1742 γράμματα

207 1750 348 1794 οἱονεὶ
373 1751 631 1805 φωνίκεια
656 1752 776 1805 παρὰ
800 1751 850 1794 τὸ
875 1757 954 1806 τῆς
979 1757 1134 1807 φωνῆς
1159 1752 1310 1795 εἰκόνα
1329 1747 1445 1795 εἶναι
1464 1750 1517 1794 τὰ
1538 1752 1788 1807 γράμματαε

207 1819 330 1859 immo
356 1817 408 1858 ad
433 1818 651 1871 φωνίκεια
676 1830 756 1858 non
777 1824 839 1859 est
857 1817 1123 1872 supplendum
1143 1818 1388 1873 γράμματα.
1409 1841 1453 1848 -
1474 1821 1552 1860 iam
1575 1818 1787 1860 dicendum

208 1889 271 1924 est
295 1882 344 1924 de
364 1884 483 1924 variis
504 1883 684 1924 vocabuli
710 1884 865 1925 formis:
892 1884 1131 1936 φοινίκεια,
1158 1884 1309 1938 -ικήια,
1335 1884 1456 1925 -ίκια,
1492 1891 1532 1925 et
1557 1883 1789 1939 φοινικήια

208 1947 370 2002 quidem
395 1949 551 1990 lonicae
586 1948 745 1990 dialecti
776 1955 838 1990 est
868 1962 941 2003 pro
967 1946 1149 2004 -ι’κεια.*)
1189 1955 1325 1990 contra
1357 1951 1463 1990 inter
1495 1949 1722 2003 φοινίκεια
1749 1955 1790 1991 et

206 2013 320 2056 -ίκια
351 2009 620 2068 Stephanus⁶)
654 2020 888 2055 construere
921 2020 1088 2055 conatur
1120 2015 1391 2056 diversitatem
1424 2028 1529 2069 eam,
1562 2022 1606 2056 ut
1637 2016 1707 2068 qui
1738 2015 1787 2056 ab

207 2085 338 2121 terrae
363 2081 523 2120 nomine
550 2078 781 2133 derivarint,
806 2080 1008 2135 φοινίκια
1033 2094 1101 2135 γρ.
1122 2082 1163 2122 in
1190 2093 1306 2134 prosa
1326 2085 1434 2121 certe
1454 2082 1632 2121 oratione
1654 2080 1787 2121 dicere

206 2143 393 2186 debuisse
419 2145 644 2197 contendat,
670 2157 793 2198 quare
814 2142 1046 2186 ‘videndum
1073 2159 1122 2186 ne
1149 2145 1338 2200 φοινική
1347 2159 1398 2187 ια
1423 2144 1528 2187 Hdto
1556 2146 1708 2187 illatum
1734 2148 1789 2187 sit

206 2209 256 2251 ab
286 2209 472 2263 librariis,
504 2211 671 2252 sortasse
706 2216 869 2265 propter
899 2209 1103 2264 Καδμήια
1134 2210 1235 2266 γρ.’;
1270 2224 1342 2253 nec
1368 2225 1460 2253 vero
1488 2212 1587 2253 duae
1614 2211 1786 2265 Hesychi

205 2275 359 2327 glossae
372 2275 421 2316 ab
435 2288 482 2316 eo
497 2275 635 2317 allatae
651 2278 783 2329 vigent
799 2282 837 2317 et
852 2276 1025 2329 neglexit
1039 2276 1125 2317 illas
1140 2276 1245 2318 diras
1259 2277 1458 2319 Teiorum.
1480 2279 1612 2330 potius
1626 2274 1787 2331 Soph.⁶)

269 2404 304 2446 1)
324 2401 527 2438 litterarum
547 2403 723 2439 nimirum
738 2404 799 2449 (ad
819 2415 895 2439 rem
917 2404 1194 2440 frumentariam
1209 2404 1497 2450 dispertiendam
1512 2406 1787 2450 usurpata-um)

206 2457 244 2491 et
267 2454 439 2492 ludorum
465 2456 628 2493 inventio
655 2457 724 2493 hac
749 2457 966 2494 condicione
993 2458 1031 2492 in
1058 2469 1173 2493 unum
1199 2458 1439 2495 concluditur.

267 2510 304 2552 2)
329 2507 431 2544 velut
454 2510 556 2555 apud
581 2510 738 2556 Heaych.
765 2509 975 2555 φοινίκκια,
1002 2512 1102 2556 quod
1129 2510 1421 2557 intellegendum
1447 2515 1503 2547 est
1528 2510 1735 2557 φοινικήια.

269 2563 304 2607 8)
330 2561 392 2598 διὸ
418 2562 482 2599 καὶ
508 2564 704 2609 φοινικήια
730 2563 909 2609 (καλέσαι)
941 2563 988 2599 τὰ
1016 2564 1216 2610 γράμματα
1241 2565 1307 2601 τὸν
1328 2562 1531 2601 Ἀκταίωνα
1557 2563 1786 2612 βουλόμενον

206 2619 314 2661 τομῆς
338 2615 540 2660 ἀπονεῖμαι
565 2622 610 2664 τῇ
635 2617 800 2664 θυγατρί
820 2618 990 2662 (naueh.
1013 2618 1112 2654 Suid.
1136 2618 1238 2654 Phot.
1260 2630 1287 2654 s.
1302 2630 1335 2654 v.
1357 2618 1555 2664 φοινικήια
1575 2618 1784 2665 γράμματα.

207 2668 320 2704 ochoi.
340 2667 448 2705 Dion.
467 2668 595 2706 Thrac.
615 2683 651 2717 p.
673 2675 802 2718 184„>.

268 2724 305 2767 4)
330 2722 430 2767 quod
454 2723 592 2768 profert
615 2724 694 2759 eod.
713 2724 817 2761 Voss.
838 2724 957 2770 Etym.
978 2723 1026 2760 M.
1046 2736 1082 2771 p.
1104 2728 1219 2773 ⁷⁹⁷„-

268 2778 304 2821 ὁ)
328 2774 437 2811 Thea.
457 2775 480 2812 l.
501 2787 554 2822 gr.
575 2788 608 2812 v.
632 2778 760 2822 Φοῖνιξ
779 2790 815 2823 p.
837 2781 906 2814 986
928 2778 966 2814 Β.

268 2830 305 2875 0)
330 2838 415 2864 nam
448 2828 487 2863 in
518 2828 593 2865 ini·
625 2830 843 2876 scriptorum
875 2832 1070 2868 allatorum
1102 2832 1192 2869 loci·
1224 2833 1339 2878 (velut
1369 2833 1476 2870 Diod.
1505 2834 1553 2870 111
1580 2838 1637 2878 6¹1,
1670 2835 1782 2871 schol.

207 2881 314 2917 Dion.
342 2881 425 2917 Thr.
453 2893 488 2927 p.
518 2885 635 2930 182„)
666 2883 885 2931 plerumque
923 2886 1103 2932 scriptura
1141 2887 1294 2923 fluctuat
1330 2886 1425 2924 inter
1466 2886 1659 2932 φοινίκεια
1687 2889 1784 2934 (aive

208 2933 342 2979 ·ικήια)
367 2942 402 2971 et
430 2934 534 2975 ώιια,
560 2937 629 2972 etei
655 2937 771 2983 pluris
797 2942 852 2975 est
878 2938 1003 2976 Ama.

278 3002 554 3028 commentatione·
575 3002 723 3030 len-noos
764 3005 800 3038 X,
820 3007 843 3032 2.
1468 3005 1489 3037 8
