2106 3320
993 138 1285 181 -58-

417 261 541 308 Quam
562 261 611 300 oh
632 273 789 300 causam
811 260 994 312 Sophocli
1020 259 1275 300 fundamenta
1295 265 1447 300 tantum
1474 261 1627 301 fabulae
1646 263 1741 314 poni
1758 269 1928 315 possunt

355 331 502 380 parata.
518 331 556 365 et
571 324 765 377 quomodo
779 326 865 377 ipse
881 324 1052 365 fabulam
1066 327 1306 377 tractaverit,
1321 337 1368 365 ex
1375 325 1602 378 Apollodori
1613 322 1731 381 (Bibl.
1745 324 1925 382 190—2)

357 397 396 431 et
419 390 580 430 Diodori
607 386 675 445 (IV
696 386 772 446 68>
798 390 1093 430 narrationibus
1120 390 1357 431 concludere
1377 392 1452 430 viri
1473 391 1576 431 docti
1597 393 1727 432 conati
1747 397 1850 433 sunt.
1886 399 1927 432 et

354 455 551 497 Diodorus
571 455 730 508 quidem
752 456 867 495 affert
888 451 933 510 (ἓ
957 451 1002 510 1)
1021 455 1213 508 Alpheum
1234 456 1394 508 flumen,
1421 456 1526 509 quod
1546 457 1804 498 confirmatur
1822 458 1926 511 frag-

356 527 488 562 mento
508 533 636 573 nuper
654 522 694 560 in
721 533 868 573 papyro
888 521 1077 573 Aegyptia
1103 522 1263 561 invento
1289 518 1437 575 (Hibeh
1458 523 1595 574 papyri
1615 519 1801 578 1(1906)
1814 535 1852 575 p.
1870 520 1923 563 17

354 600 417 627 no.
438 583 503 641 3):
528 584 770 639 καλλίρουν
791 583 863 626 ἐπ’
884 583 1087 639 Ἀλφειοῦ
1105 584 1259 640 πόρον.
1284 592 1490 640 praeterea
1511 587 1706 627 Diodorus
1725 599 1805 628 non
1824 588 1926 628 mul—

355 657 439 692 tum
465 651 595 691 valere
621 651 781 691 videtur
806 650 853 691 ad
875 651 1081 703 Sophoclis
1102 651 1344 704 tragoediam
1365 653 1691 704 cognoscendam.
1724 652 1795 693 sed
1815 665 1926 694 acce·

356 717 413 757 dit
444 717 503 769 id,
536 716 640 769 quod
668 717 879 756 scholiasta
907 716 1066 757 exhibet
1092 716 1140 756 ad
1166 716 1277 757 Hom.
1297 717 1340 757 ll.
1361 717 1394 756 K
1413 715 1518 758 334:
1545 731 1644 771 quae
1666 719 1926 771 expositionis

355 782 495 823 relatio
521 784 628 822 inter
652 782 723 822 has
751 787 833 822 tres
860 787 921 822 est
946 783 1255 822 accuratissima.

414 848 558 888 Contra
589 846 765 899 Hyginus
798 844 893 902 (fab.
921 844 997 902 60)
1033 848 1174 887 samam
1200 847 1363 887 tradidit
1387 860 1552 900 prorsus
1579 848 1784 889 diversam.
1823 861 1925 902 quae

355 913 452 953 duae
479 913 627 952 formae
654 912 850 953 eiusmodi
877 919 981 966 sunt,
1007 918 1052 953 ut
1077 913 1199 953 altera
1220 913 1381 953 alteram
1404 926 1451 952 ex
1471 915 1579 953 omni
1597 919 1710 966 parte
1731 913 1924 955 excludat.

353 991 444 1019 nam
471 977 689 1018 secundum
709 977 853 1030 Hygini
878 980 1146 1018 narrationem
1167 978 1281 1031 Tyro,
1308 991 1407 1031 quos
1433 980 1611 1030 geminos
1637 991 1658 1019 e
1679 979 1837 1033 Sisyphi
1855 991 1925 1032 pa—

352 1045 433 1083 trui
459 1055 689 1095 compressu
715 1040 908 1098 genuit¹)‚
934 1044 1079 1084 occidit
1103 1043 1294 1096 Apollinis
1321 1044 1479 1084 oraculo
1506 1044 1686 1097 impulsa,
1718 1057 1768 1085 ne
1796 1044 1924 1086 dicam

351 1110 505 1149 insania
537 1114 685 1149 vexata.
730 1108 835 1161 quod
867 1108 1026 1161 quidem
1053 1108 1188 1161 Apollo
1221 1109 1452 1161 consulitur,
1487 1111 1634 1162 optime
1667 1112 1850 1151 convenit
1875 1110 1924 1150 ad

353 1187 503 1215 morem
525 1174 748 1228 Sophoclis3
776 1186 1014 1226 quamquam
1041 1187 1116 1226 qua
1143 1175 1294 1214 ratione
1314 1176 1355 1214 in
1377 1174 1628 1215 Salmoneum
1648 1174 1766 1215 liberi
1785 1187 1924 1216 revera

353 1241 576 1280 exstiterint
600 1240 751 1280 ultores
772 1239 941 1292 Sisyphi,
968 1251 1046 1278 non
1072 1239 1326 1291 intellegitur.
1362 1245 1496 1280 utrum
1517 1240 1721 1280 oraculum
1741 1242 1923 1281 enuntia·

351 1310 436 1346 tum
462 1310 522 1345 est
547 1300 734 1359 inane‘?²)
762 1318 811 1345 an
837 1305 1039 1344 oraculum
1066 1310 1230 1345 eventus
1250 1306 1446 1358 ancipitis,
1472 1307 1526 1345 ita
1545 1310 1590 1346 ut
1607 1305 1705 1345 ultio
1726 1311 1862 1346 rueret
1879 1307 1922 1346 in

351 1371 480 1423 ipsum
510 1366 792 1423 Sysiphum?³)
833 1370 1045 1410 dolendum
1072 1375 1143 1422 est,
1176 1370 1282 1422 quod
1307 1369 1452 1422 Hygini
1476 1370 1689 1410 verborum
1715 1376 1923 1412 contextus

351 1436 450 1475 hiat:
476 1441 566 1487 post
593 1434 652 1476 ‘ut
671 1434 822 1475 resciit’
850 1437 885 1475 si
904 1448 983 1475 non
1004 1435 1089 1488 alia,
1110 1441 1216 1475 certe
1237 1435 1394 1488 Sisyphi
1413 1437 1600 1476 interitus
1620 1441 1804 1476 narratus
1824 1439 1921 1477 er'at.

351 1523 398 1529 —
424 1506 560 1541 contra
586 1500 806 1541 secundum
833 1501 996 1540 alteram
1022 1502 1289 1541 narrationem
1315 1501 1418 1554 Tyro
1445 1501 1571 1541 editos
1597 1506 1713 1554 partu
1739 1503 1921 1553 geminos

351 1567 392 1606 in
419 1566 569 1618 Enipeo
596 1568 796 1618 expositos
823 1566 870 1605 ab
896 1578 995 1606 nece
1023 1565 1198 1606 defendit
1223 1566 1405 1619 Neptuno
1430 1572 1542 1619 patre
1569 1566 1788 1607 adiuvante.

412 1630 548 1671 Utram
567 1644 661 1671 vero
681 1633 904 1671 versionem
919 1631 1036 1684 Soph.
1059 1637 1218 1671 secutus
1240 1630 1328 1672 est?
1354 1632 1536 1684 refugere
1559 1631 1747 1672 debemus
1767 1631 1816 1672 ad
1835 1633 1922 1685 ipsa

353 1697 479 1750 Tyrus
500 1697 740 1750 Sophocleae
761 1698 979 1749 fragmenta
999 1698 1177 1749 quamvis
1191 1699 1365 1750 parciter
1384 1702 1549 1736 servata.
1577 1709 1621 1736 ac
1641 1698 1815 1750 primum
1836 1698 1921 1750 qui-

354 1762 442 1802 dem
468 1764 614 1803 mirum
641 1768 711 1815 est,
738 1762 843 1815 quod
864 1762 980 1815 Soph.
1015 1762 1090 1802 duo
1112 1762 1285 1802 dramata
1305 1762 1473 1815 Tyronis
1492 1764 1652 1802 nomine
1672 1761 1796 1803 indita
1815 1775 1921 1803 com·

352 1829 502 1882 posuit:
536 1833 602 1868 aut
634 1841 699 1867 res
725 1840 889 1880 prorsus
915 1840 1036 1867 novas
1062 1830 1244 1867 tractavit
1269 1832 1336 1867 aut
1362 1827 1512 1867 fabulas
1540 1828 1726 1868 diversas.
1765 1833 1803 1868 et
1830 1829 1921 1881 quia

355 1892 453 1932 duae
474 1894 676 1932 versiones
698 1893 990 1932 diversissimae
1012 1892 1059 1932 de
1079 1892 1233 1944 Tyrone
1252 1894 1466 1932 memoriae
1487 1898 1579 1932 sunt
1598 1893 1789 1946 proditae,
1814 1906 1921 1945 mag-

354 1969 405 1998 na
436 1957 711 2010 probabilitate
757 1957 1002 2009 Engelmann
1037 1957 1288 1997 contendisse
1323 1957 1421 1997 mihi
1455 1954 1648 2013 videtur4)
1687 1957 1922 2010 Sophoclem

352 2028 561 2076 utramque
582 2023 723 2063 samam
743 2023 806 2062 his
828 2023 979 2063 duabus
999 2022 1213 2074 tragoediis
1233 2017 1497 2082 usurpasse.⁵)
1524 2028 1640 2075 atque
1661 2024 1695 2062 si
1714 2024 1799 2075 ipsa
1819 2023 1921 2075 frag·

354 2137 491 2173 citandi
516 2138 625 2173 ratio:
660 2138 716 2173 ‘vo
749 2138 790 2173 δὲ
821 2138 959 2180 πλάτος
989 2144 1055 2184 τῆς
1086 2136 1250 2182 ἱστορίας
1281 2137 1376 2173 κατὰ
1406 2138 1619 2183 Φερεκύδην
1637 2138 1713 2173 καὶ
1739 2137 1921 2182 ἑτέρους

354 2190 469 2231 οὕτως
494 2191 580 2237 ἔχει’
609 2194 645 2226 et
668 2193 796 2236 postea
822 2191 875 2234 *ἐξ
900 2190 1102 2239 ,Ἀναξιβίας
1126 2212 1171 2217 -
1196 2190 1218 2236 ἢ
1248 2191 1471 2238 Φιλομάχης’
1499 2191 1577 2236 (ubi
1597 2191 1766 2236 Apollod.
1791 2192 1920 2228 habet:

356 2245 420 2285 εὡς
445 2243 486 2279 δὲ
514 2245 636 2290 ἔνιοιῖ)
663 2245 910 2289 suspicionem
941 2247 1078 2280 movet:
1111 2247 1287 2290 tanquam
1306 2244 1526 2289 Pherecydis
1550 2255 1684 2280 nomen
1708 2247 1920 2290 promptum

354 2297 400 2333 ob
436 2298 545 2332 unius
578 2299 770 2333 cuiusdam
794 2298 848 2333 rei
874 2300 1133 2344 argumentum
1157 2298 1268 2334 totius
1294 2298 1513 2333 narrationis
1538 2298 1792 2333 testimonium
1815 2310 1920 2344 prae-

354 2351 494 2387 stiterit.

415 2406 448 2450 1)
475 2407 516 2439 ut
541 2405 719 2450 Sisyphus
747 2417 790 2440 ex
816 2405 937 2440 fratris
963 2406 1039 2440 filia
1064 2406 1162 2440 creat
1184 2405 1370 2440 vindicem
1394 2405 1572 2450 germani,
1598 2404 1650 2440 ita
1674 2404 1850 2449 ThJestes
1875 2417 1921 2441 ex

354 2458 506 2502 Pelopia
531 2458 650 2503 ipsius
678 2458 790 2503 stirpe
816 2458 1037 2504 Aegisthum
1062 2459 1110 2494 ad
1135 2458 1285 2494 Atreum
1311 2459 1458 2493 fratrem
1484 2458 1744 2494 ulciscendum.

416 2513 450 2556 2)
476 2511 648 2546 Welcker
671 2511 861 2556 profitetur
887 2512 1007 2557 (Trag.
1034 2524 1087 2557 gr.
1108 2512 1124 2546 I
1142 2514 1243 2558 409):
1273 2512 1328 2547 ‘so
1347 2512 1465 2557 gewiss
1485 2511 1538 2546 als
1557 2511 1618 2547 bei
1639 2511 1747 2556 Soph.
1770 2511 1922 2548 Orakel·

355 2564 509 2609 sprfiche
533 2565 722 2599 bestimmt
747 2565 785 2600 in
810 2565 1005 2611 Erfullung
1028 2566 1159 2611 gehen,
1185 2566 1258 2601 —'.

414 2619 449 2663 3)
477 2629 550 2662 qua
583 2618 622 2653 in
657 2630 695 2653 re
729 2618 823 2653 mihi
859 2619 897 2653 in
932 2621 1092 2654 mentem
1126 2619 1228 2653 venit
1259 2619 1424 2662 responsi
1457 2629 1479 2652 a
1509 2617 1643 2662 Pythia
1668 2617 1799 2653 Croeso
1831 2619 1921 2662 dati,

353 2672 437 2707 Hdt.
465 2672 480 2705 I
499 2675 554 2707 91.

413 2726 449 2770 4)
475 2725 640 2761 Archtiol.
667 2725 724 2761 Jb.
753 2729 773 2760 5
799 2727 920 2772 (1890)
945 2738 980 2771 p.
1004 2729 1070 2761 171
1080 2737 1125 2762 ss.
1153 2725 1380 2769 eandemque
1405 2735 1483 2759 rem
1507 2724 1661 2769 protulit
1692 2725 1810 2767 „arch
1837 2724 1919 2759 Stu-

355 2778 440 2814 dien
466 2790 509 2813 zu
536 2779 569 2814 d.
597 2779 727 2824 Trag.“
756 2782 847 2814 1900
872 2791 908 2824 p.
930 2783 1080 2815 40-51.

415 2833 448 2876 5)
476 2842 569 2876 quae
590 2832 797 2867 coniectura
814 2833 1000 2877 probatur,
1027 2834 1062 2867 et
1087 2833 1185 2877 quod
1211 2842 1413 2878 cognomen
1439 2832 1625 2876 quoddam
1644 2831 1755 2866 latere
1774 2831 1922 2867 videtur

354 2885 393 2918 in
419 2884 486 2928 frg.
516 2888 599 2920 589:
634 2887 833 2931 Σοφοκλῆς
864 2898 1135 2931 τυροιαροιτου,
1167 2887 1203 2921 et
1233 2886 1333 2930 quod
1364 2897 1407 2920 ex
1442 2887 1596 2929 utroque
1628 2885 1791 2920 dramate
1821 2885 1921 2930 frag·
