2106 3320
981 108 1278 151 —46-

401 228 605 275 Quomodo
636 230 889 281 pervenimus
922 230 963 267 in
999 230 1176 280 ipsarum
1209 229 1414 281 Sophoclis
1446 230 1726 284 Euripidisque
1761 237 1918 284 tragoe-

343 293 496 333 diarum
530 298 715 347 aetatem3
752 293 895 346 quibus
921 295 1016 345 quin
1044 306 1141 333 nova
1169 293 1298 334 fabula
1323 294 1477 335 Paridis
1504 297 1748 348 expositione
1773 310 1918 350 propa-

342 363 429 410 gata
454 359 654 410 offeratur,
689 358 850 398 dubium
877 370 956 397 non
983 364 1054 398 est.
1081 358 1295 411 tragoediis
1321 359 1481 412 quidem
1508 362 1766 402 restituendis
1791 363 1914 403 nolim

342 435 500 476 operam
530 422 634 475 dare,
661 436 751 462 cum
770 423 956 462 Welcker
983 418 1150 477 (griech.
1170 424 1285 476 Trag.
1306 425 1341 464 ΙΙ
1370 422 1483 465 1839
1509 439 1545 478 p.
1565 423 1795 484 426-76),
1820 427 1917 468 Rib-

342 487 442 528 beck
464 484 581 542 (rom.
602 487 715 540 Trag.
739 486 852 527 1875
872 501 909 540 p.
931 485 1128 544 81—94),
1147 489 1326 530 Wentzel
1348 485 1563 545 (Ἐπιθοελ.
1583 504 1620 544 p.
1642 490 1698 532 25
1719 488 1791 548 ss.)
1812 493 1914 533 hauc

342 566 425 593 rem
452 553 644 593 lubricam
670 553 885 605 periclitati
911 555 1001 593 sint.
1030 555 1147 593 etiam
1174 567 1273 606 quae
1299 556 1460 595 intersit
1484 557 1590 596 inter
1610 557 1816 610 Sophoclis
1836 557 1917 598 Eu·

341 618 561 671 ripidisque
597 618 839 658 Alexandros
877 620 976 658 ratio
1015 624 1055 658 et
1085 621 1276 671 temporis
1315 626 1355 660 et
1387 623 1650 679 auctoritatis,
1682 635 1761 663 non
1798 622 1917 663 facile
1982 646 1989 653 κ

340 688 471 735 potest
496 683 667 736 probari,
694 685 771 723 nisi
798 696 818 723 a
844 686 1040 736 principio
1068 684 1272 736 Sophoclis
1297 690 1342 725 ut
1368 687 1538 726 senioris
1563 687 1807 739 tragoediam
1830 689 1917 741 pri--

342 761 451 788 orem
480 762 567 788 esse
593 749 750 789 videtur
775 749 1042 789 verisimilius.
1077 751 1223 789 etenim
1250 752 1337 791 eius
1363 751 1589 803 tragoediae
1615 752 1917 794 fundamentum

340 813 446 853 idem
474 814 555 854 sere
584 815 658 854 suit
683 821 800 866 atque
827 814 1076 867 Euripideae,
1103 827 1196 854 sane
1223 815 1353 855 fabula
1381 816 1428 856 de
1454 816 1595 857 Paride
1621 819 1799 870 exposito
1824 831 1918 859 nar·-

341 884 442 932 rata3
478 881 656 931 quamvis
687 879 848 931 paulum
880 881 1124 932 praestiterit
1150 880 1354 933 Sophoclis
1380 881 1603 922 Alexander
1632 884 1674 922 in
1706 883 1849 923 animis
1874 890 1916 925 et

342 944 564 996 aequalium
591 950 630 984 et
655 951 904 997 posterorum
933 946 1237 1003 commovendis,
1271 947 1375 999 quod
1401 947 1583 987 concludi
1608 953 1740 1000 potest
1764 961 1786 988 e
1811 949 1919 1002 frag-

340 1014 566 1049 mentorum
601 1022 767 1049 numero
804 1012 956 1062 exiguo.
997 1023 1041 1050 ea
1076 1013 1160 1063 ipsa
1194 1024 1288 1051 vero
1315 1012 1445 1051 vilitas
1472 1012 1715 1065 Euripidem,
1748 1019 1794 1054 ut
1827 1015 1915 1067 ipse

341 1087 495 1126 quoque
532 1080 808 1126 argumentum
846 1075 941 1115 illud
978 1089 1143 1116 scaenae
1176 1078 1423 1129 aptissimum
1460 1083 1641 1130 tentaret,
1676 1079 1916 1132 impellebat,

341 1152 419 1191 quo
454 1140 622 1191 insignis
658 1146 742 1180 erat
777 1142 943 1180 artificio
978 1142 1018 1180 in
1057 1138 1398 1195 ἀναγνωρίσεων
1433 1143 1575 1183 sabulis
1614 1141 1918 1200 exornandis²);

341 1204 460 1244 huius
486 1211 599 1244 erant
626 1205 923 1245 dissertationes
952 1219 997 1246 ac
1017 1208 1232 1246 certamina
1251 1207 1384 1247 verbis
1412 1205 1672 1264 commissa‚²)
1701 1222 1790 1249 cum
1811 1209 1916 1262 apud

347 1269 580 1322 Sophoclem
606 1272 737 1322 potius
763 1272 870 1323 ipsas
897 1283 962 1311 res
988 1277 1118 1323 gestas
1143 1285 1217 1324 per
1242 1274 1417 1325 quietem
1443 1275 1640 1326 expositas
1660 1287 1748 1314 esse
1769 1276 1921 1315 conici·

342 1346 467 1386 amuS,
502 1336 555 1374 ita
580 1341 624 1375 ut
650 1335 698 1375 ob
727 1349 813 1375 eam
848 1349 1006 1376 causam
1033 1338 1119 1376 eius
1156 1338 1288 1377 drama
1314 1338 1419 1378 haud
1455 1338 1521 1378 diu
1548 1336 1778 1396 floruerit.³)
1817 1353 1916 1393 quas

345 1401 517 1439 rationes
544 1402 578 1439 si
604 1406 711 1440 reete
737 1402 996 1454 instituimus,
1022 1401 1225 1454 Euripidis
1251 1403 1452 1455 tragoedia
1479 1404 1676 1444 censenda
1706 1409 1766 1444 est
1784 1410 1919 1457 poste-

345 1466 436 1517 rior,
471 1466 605 1505 nescio
632 1471 778 1518 quanto
805 1469 930 1518 spatio
968 1468 1221 1522 interposit03
1257 1468 1478 1508 Alexander
1503 1470 1626 1520 igitur
1655 1466 1914 1526 Sophoclea4)

345 1535 432 1581 post
458 1543 489 1569 a.
510 1528 600 1569 430
634 1532 675 1570 in
711 1544 893 1571 scaenam
930 1537 990 1572 est
1026 1532 1129 1572 edita
1164 1538 1203 1572 et
1237 1538 1327 1573 ante
1353 1533 1527 1574 Troades
1562 1535 1802 1587 tragoediam
1836 1547 1916 1576 una

348 1607 438 1635 cum
463 1596 682 1636 Alexandro
708 1597 920 1649 Euripidea
948 1611 980 1637 a.
1001 1595 1088 1638 415
1115 1594 1292 1654 actam.⁵)
1329 1599 1376 1638 ab
1408 1600 1521 1639 initio
1548 1600 1708 1652 quidem
1744 1600 1918 1640 discerni

345 1728 427 1762 ficto
461 1728 548 1762 satis
580 1729 655 1763 iam
687 1730 782 1763 esset
805 1731 1021 1773 permutata.
1058 1741 1104 1764 an
1130 1730 1346 1774 Euripidem
1369 1731 1439 1766 hac
1465 1743 1613 1776 quoque
1638 1732 1678 1767 in
1702 1731 1828 1768 fabula
1851 1743 1918 1767 an-

343 1780 449 1824 tiqua
474 1782 510 1815 et
535 1781 695 1826 simplici
717 1782 965 1817 Stesichori
991 1783 1148 1828 vestigia
1171 1784 1348 1828 pressisse
1375 1785 1667 1820 concludendum
1687 1787 1765 1821 est?
1782 1807 1818 1813 —
1835 1786 1917 1822 sine

345 1834 458 1868 dubio
489 1834 599 1868 huius
631 1835 844 1880 tragoediae
875 1836 986 1870 etiam
1011 1848 1044 1871 v.
1065 1840 1205 1871 230—5
1238 1838 1469 1881 (comparatis
1500 1838 1673 1874 Hecubae
1703 1851 1736 1875 V.
1763 1843 1919 1883 632—4,

343 1886 462 1921 Procli
494 1887 655 1931 epitoma
684 1899 720 1932 p.
749 1892 814 1935 179
847 1889 924 1931 Ki.‚
958 1889 999 1923 11.
1026 1891 1058 1924 E
1084 1891 1215 1934 62—4)
1246 1890 1412 1926 Wentzel
1441 1903 1477 1935 p.
1501 1896 1543 1926 12
1575 1894 1671 1927 reete
1701 1893 1872 1937 repetivit
1896 1903 1920 1928 e

343 1938 498 1984 Cypriis.

406 1995 441 2038 1)
467 1994 511 2028 ef.
531 1993 570 2028 P.
590 1993 800 2038 Hoffmann,
827 1996 872 2030 de
898 1995 1169 2040 anagnorismo‚
1196 1996 1282 2031 diss.
1306 2000 1396 2031 1910
1422 2009 1458 2041 p.
1481 2000 1542 2040 56;
1569 1997 1687 2042 Satyri
1710 1998 1824 2034 vitam
1843 1999 1915 2034 Eu·

344 2045 476 2090 ripidis
512 2047 641 2091 (nuper
674 2049 871 2091 repertam:
911 2047 1044 2092 Oxyrb.
1073 2060 1158 2093 pap.
1185 2049 1235 2084 IX
1271 2053 1363 2084 1912
1395 2061 1454 2085 no.
1477 2052 1584 2096 1176)
1617 2051 1659 2085 fr.
1681 2055 1725 2086 39
1759 2051 1827 2087 VH
1853 2055 1918 2086 12:

347 2100 652 2164 &vayvspptouo‘bg
678 2101 742 2135 διά
767 2115 805 2136 τε
826 2099 1035 2137 δακτυλίων
1055 2103 1120 2136 καὶ
1140 2102 1204 2137 διὰ
1225 2102 1402 2146 δεραίων·
1418 2125 1463 2129 -
1485 2102 1509 2138 ἃ
1528 2102 1621 2147 πρὸς
1641 2103 1758 2148 ἄκρον
1777 2105 1919 2150 ἢγαγεν

347 2153 555 2250 Εὐξςπὲἶῖεξ
581 2206 711 2251 ftagm.
732 2209 874 2242 servata
892 2207 1011 2253 (TGF
1029 2220 1065 2253 p.
1081 2212 1221 2243 373—8
1240 2209 1275 2243 N
1286 2208 1312 2255 ²)
1325 2210 1521 2254 praecipue
1535 2212 1701 2255 spectant
1711 2211 1751 2246 in
1763 2211 1916 2247 fratrum

346 2260 538 2301 certamen,
564 2271 610 2294 ne
635 2260 772 2303 pastori
797 2261 926 2296 victori
951 2261 1132 2297 tribuatur
1149 2263 1365 2307 praemium.
1388 2283 1430 2288 —
1452 2264 1496 2298 cf.
1517 2263 1686 2308 Satyrum
1704 2265 1746 2299 fr.
1763 2269 1794 2308 1,
1809 2268 1829 2298 2
1850 2276 1918 2301 ss.:

345 2309 444 2346 πόλλ’
474 2311 682 2357 ἐρητόριζεν
716 2314 756 2348 ἐν
791 2319 870 2355 τοῖς
903 2314 1027 2360 λόγοις
1061 2313 1113 2350 ὢν
1144 2313 1291 2361 λογικὸς
1325 2316 1387 2351 καὶ
1423 2316 1714 2362 παραμιυήσθαι
1743 2315 1810 2354 τὸν
1840 2317 1918 2354 ὑπὸ

348 2363 456 2409 δίκης
481 2364 650 2406 δυνατός.
683 2369 719 2400 et
744 2366 929 2412 Aristoph.
949 2367 1033 2403 Pac.
1055 2372 1140 2403 534:
1167 2368 1323 2414 ποιητὴς
1348 2367 1536 2414 ῥηματίων
1561 2371 1778 2407 δικανικῶν.

406 2421 441 2462 3)
467 2419 652 2462 imprimis
679 2420 843 2465 singulas
871 2422 1111 2466 expositionis
1136 2424 1258 2466 partes
1284 2424 1449 2457 accurate
1476 2423 1672 2467 explicatas
1697 2424 1812 2460 fuisse
1829 2435 1916 2470 cog·

344 2471 507 2505 noscitur
533 2483 552 2506 e
579 2472 810 2517 fragmentis3
842 2473 953 2509 affero
978 2475 1174 2510 voeabula:
1201 2476 1243 2510 fn
1265 2479 1310 2510 94
1335 2475 1560 2521 θηλάστρια·
1586 2475 1727 2522 τροφός
1752 2479 1837 2523 (vox
1860 2479 1917 2513 Io-

346 2523 440 2567 nica,
468 2525 510 2558 ef.
532 2525 644 2560 Piers.
665 2527 712 2560 ad
731 2527 882 2562 Moerid.
902 2539 938 2572 p.
956 2532 1022 2562 189
1043 2530 1097 2573 s.)‚
1119 2532 1163 2563 95
1189 2529 1424 2574 μαιεύτριαν·
1447 2529 1531 2565 ἀντὶ
1556 2536 1622 2566 τοῦ
1648 2536 1777 2575 μαῖαν,
1801 2532 1919 2577 ἀμαλ-

345 2577 493 2613 asem·
529 2577 680 2623 τρέφειν
713 2580 984 2624 (Reitzenstein,
1020 2581 1103 2616 Ans.
1126 2582 1160 2616 d.
1180 2581 1263 2617 Lex.
1286 2583 1319 2617 d.
1340 2582 1443 2617 Phot.
1465 2584 1559 2629 869),
1595 2595 1614 2618 e
1639 2584 1786 2620 Priamo
1820 2595 1917 2630 quae

347 2629 440 2666 falso
465 2632 620 2666 traditur
644 2633 834 2677 tragoedia
859 2634 900 2669 fr.
923 2638 990 2668 489
1017 2634 1208 2680 χυτρίζειν.

405 2685 440 2729 4)
466 2685 575 2720 modo
602 2687 643 2719 ut
666 2686 903 2730 persistamus
930 2687 969 2722 in
994 2699 1038 2722 ea
1061 2688 1211 2723 Roberti
1237 2688 1454 2732 coniectura,
1490 2691 1590 2734 quod
1615 2690 1790 2726 Androm.
1809 2691 1918 2726 Euri·

345 2736 458 2780 pidea
483 2738 685 2783 composita
712 2739 759 2773 sit
783 2741 866 2775 ante
891 2740 1034 2775 Paridis
1060 2741 1196 2776 famam
1223 2743 1491 2777 commutatam.

405 2793 439 2834 5)
467 2790 535 2825 hoc
571 2802 718 2836 quoque
744 2792 905 2828 Roberto
941 2794 1091 2829 concedi
1123 2796 1258 2839 potest:
1294 2796 1494 2831 dummodo
1519 2796 1705 2841 graviores
1731 2798 1917 2842 quaedam

344 2843 505 2878 rationes
536 2845 679 2888 possint
711 2846 832 2890 detegi
865 2846 959 2881 inter
983 2847 1125 2881 Paridis
1152 2848 1315 2883 fabulam
1341 2848 1600 2893 amplificatam
1625 2852 1661 2884 et
1686 2850 1770 2895 Cyri
1794 2851 1916 2886 infan-
