2106 3320
927 116 1224 157 ...72-

311 276 313 278 ,
353 237 480 289 Atque
514 238 632 277 etiam
665 237 776 276 chori
807 238 1006 276 canticum
1037 238 1260 288 proximum
1295 237 1475 278 versibus
1503 241 1691 280 extremis
1716 242 1867 293 optime

294 298 584 357 propagatur.²)

355 366 433 406 Sed
458 368 550 418 quia
578 367 675 406 tales
703 366 749 406 de
775 366 1073 419 pulchritudine
1100 368 1369 420 cogitationes,
1394 371 1630 420 praesertim
1654 372 1691 410 si
1710 376 1866 412 rectum

294 431 454 472 modum
480 437 699 484 transeunt,
725 433 845 471 nimis
871 431 1045 471 lubricae
1072 438 1176 483 sunt,
1203 445 1321 485 quam
1347 434 1492 485 quibus
1517 435 1630 474 nisus
1656 439 1866 487 argumen-

294 498 345 537 tis
370 498 501 537 unicis
527 499 735 549 quisquam
763 497 953 549 quosdam
980 509 1119 537 versus
1146 500 1272 550 possit
1299 497 1430 539 delere
1457 505 1524 539 aut
1544 499 1769 552 defendere,
1793 514 1871 542 nos

295 564 561 603 convertimus
595 562 643 602 ad
674 568 905 614 argumenta
938 563 1186 602 extrinsecus
1217 564 1358 616 petita,
1393 564 1537 617 quibus
1568 577 1666 606 usus
1697 565 1872 619 Mayerh.

294 640 434 667 versus
460 627 638 681 subditos
666 640 753 667 esse
779 627 862 667 vult
888 628 1135 668 confirmare.
1489 673 1493 675 ,

355 692 442 732 Non
473 694 651 745 integros
684 705 771 733 esse
803 705 943 732 versus
970 692 1017 732 ab
1043 693 1227 734 omnibus
1253 694 1336 733 fere
1363 694 1477 734 facile
1503 695 1747 748 conceditur,
1772 709 1877 749 quo-·

297 759 403 798 niam
430 758 540 798 verbi
575 757 643 798 δεῖ
667 759 775 798 notio
803 757 1053 797 desideratur
1079 764 1146 798 aut
1172 757 1286 799 ἰδεῖν
1311 760 1529 799 infinitivus
1555 772 1680 812 paene
1706 774 1783 801 non
1809 763 1872 802 in-

296 823 509 876 tellegitur.
536 825 645 876 atqui
670 824 733 864 Fr.
753 823 862 863 Marx
889 824 1059 863 coniecit
1083 836 1155 876 pro
1183 821 1550 865 ἐπισκοποῦντας
1576 823 1763 874 πρέπει
1788 836 1870 880 σκ.,

297 890 363 929 cui
389 891 641 929 coniecturae
668 889 871 941 astipulor,
897 902 988 929 cum
1014 889 1088 929 hac
1114 891 1266 929 ratione
1286 902 1426 930 versus
1445 891 1658 942 suspiciosi
1677 893 1871 944 optimum

296 954 511 1006 praebeant
536 967 710 993 sensum.

355 1019 515 1059 Maximi
541 1024 671 1059 autem
697 1021 889 1059 momenti
915 1032 1003 1059 esse
1028 1019 1197 1072 videtur,
1223 1020 1330 1073 quod
1356 1020 1565 1061 scholiasta
1592 1021 1640 1061 ad
1660 1020 1755 1062 Oed.
1774 1022 1879 1075 Rogo

296 1098 330 1124 v.
360 1082 474 1125 1523
501 1084 679 1124 exhibet:
712 1082 940 1137 αὐτάρκως
973 1085 1060 1138 ἔχει
1092 1084 1140 1125 τὸ
1168 1084 1324 1137 δρᾶμα.
1361 1085 1414 1126 τὰ
1441 1085 1524 1138 γὰρ
1552 1083 1648 1139 εξῆς
1673 1084 1874 1128 ἀνοίκειοι

297 1151 691 1202 γνωμολογοῦντος
719 1148 974 1197 Οἰδίποδος.
1010 1150 1079 1190 sed
1104 1163 1190 1190 mea
1218 1152 1413 1190 sententia
1434 1151 1474 1191 id
1495 1152 1672 1192 scholion
1693 1165 1771 1192 non
1791 1158 1871 1193 tam

298 1227 415 1268 grave
442 1221 512 1255 est.
552 1228 642 1255 nam
669 1215 762 1255 licet
787 1216 885 1254 insit
911 1216 1147 1267 significatio
1174 1228 1230 1268 ea,
1257 1229 1373 1268 quam
1401 1216 1529 1256 credit
1554 1217 1737 1270 Mayerh.,
1764 1218 1875 1258 scili-

299 1287 362 1322 cet
392 1281 532 1320 scholii
558 1282 711 1320 auctori
736 1293 874 1320 versus
900 1282 1156 1333 insequentes
1185 1283 1342 1333 spurios
1362 1294 1449 1321 esse
1471 1283 1592 1322 fuisse
1612 1295 1868 1337 persuasum3

298 1353 430 1387 tamen
462 1346 502 1386 id
533 1346 649 1386 modo
683 1347 951 1398 comperimus
983 1346 1032 1385 ob
1059 1347 1186 1386 solum
1215 1347 1421 1386 dedecoris
1448 1347 1706 1400 opprobrium
1731 1361 1876 1390 versus

276 1402 452 1453 ‘habitos
479 1424 567 1451 esse
594 1413 770 1465 spurios3
796 1411 1001 1463 quodlibet
1027 1412 1132 1451 enim
1158 1413 1362 1464 pravitatis
1383 1419 1658 1464 argumentum
1679 1424 1876 1465 gramma*

298 1480 403 1518 ticus
423 1479 666 1529 arcessisset,
693 1476 903 1516 dummodo
924 1482 1080 1529 praesto
1101 1477 1252 1517 fuisset.
1280 1477 1432 1517 accedit
1457 1478 1562 1530 quod
1582 1478 1722 1519 scholii
1742 1479 1877 1520 verbis

300 1556 379 1583 non
406 1548 485 1582 tam
514 1542 659 1582 diserte
685 1555 825 1582 versus
851 1542 1071 1594 probantur
1095 1542 1255 1583 subditi.
1288 1555 1459 1595 namque
1485 1544 1650 1583 forsitan
1676 1544 1751 1584 hoc
1777 1558 1876 1597 quo·,

303 1621 378 1660 que
411 1607 526 1647 modo
560 1612 728 1659 possunt
752 1606 871 1647 verba
905 1607 1101 1659 intellegi:
1134 1608 1384 1648 scholiastam
1411 1610 1452 1647 in
1478 1608 1662 1649 manibus
1687 1609 1877 1650 habuisse

301 1673 606 1713 Phoenissarum
640 1672 878 1725 Euripideae
904 1678 1002 1725 trag.
1029 1686 1167 1713 versus
1193 1673 1401 1725 parallelos
1429 1669 1565 1728 (1758
1581 1670 1652 1730 ss.)
1684 1674 1878 1727 probatur

301 1738 448 1778 scholio
481 1738 528 1777 ad
554 1751 587 1778 v,
617 1735 743 1790 1525,
775 1738 844 1777 ubi
875 1739 1005 1778 variae
1032 1738 1221 1778 lectiones
1247 1751 1295 1778 ex
1321 1738 1414 1778 Eur.
1441 1739 1588 1779 Phoen.
1613 1752 1647 1779 v,
1678 1737 1791 1780 1759
1817 1741 1874 1781 af·

302 1805 496 1843 teruntur.
531 1816 661 1855 neque
695 1816 859 1855 prorsus
892 1805 1116 1843 consentire
1147 1809 1362 1856 utrumque
1395 1804 1537 1855 locum,
1572 1804 1643 1844 sed
1670 1805 1799 1857 aliqua
1826 1818 1885 1846 ex*

301 1874 413 1921 parte
441 1868 601 1907 differre
627 1868 741 1907 vidit:
768 1881 910 1920 nempe
936 1870 977 1907 in
1001 1881 1058 1920 eo,
1085 1869 1150 1908 cui
1168 1880 1361 1920 personae
1381 1868 1500 1908 verba
1522 1870 1709 1910 attributa
1730 1877 1874 1911 essent.

302 1935 434 1985 itaque
461 1933 628 1972 addidit:
656 1931 801 1973 ‘tamen
828 1934 902 1973 hoc
930 1933 1063 1972 drama
1089 1946 1182 1973 suae
1207 1935 1414 1986 potestatis
1435 1939 1495 1973 est
1520 1934 1563 1989 (i.
1586 1947 1637 1974 e.:
1663 1948 1743 1975 non
1762 1923 1888 1988 pror-⁴¹

303 2055 374 2089 hoc
399 2053 516 2099 ipsius
543 2053 686 2101 Solonis
713 2054 928 2097 (seeundum
946 2053 1037 2087 Hdti
1062 2054 1323 2099 narrationem)
1350 2054 1490 2088 dictum
1515 2054 1555 2088 in
1572 2065 1699 2090 versus
1718 2056 1874 2092 formam

303 2107 499 2152 redigeret,
531 2109 657 2142 contra
680 2107 876 2151 Euripides
907 2107 1071 2142 imitator
1094 2109 1237 2142 tantum
1262 2109 1348 2143 erat.
1388 2106 1606 2152 Sophoclem
1631 2109 1793 2152 profecto
1818 2109 1874 2153 ip-

305 2172 387 2195 sum
419 2161 528 2195 istam
554 2160 772 2195 sententiam
798 2160 1027 2195 existimasse
1051 2171 1125 2195 non
1150 2162 1226 2195 tam
1250 2171 1403 2205 pravam
1428 2162 1464 2195 et
1488 2171 1732 2205 communem,
1763 2173 1877 2206 quam

303 2216 410 2259 putat
433 2213 607 2258 Mayerh.,
639 2213 727 2248 satis
759 2213 877 2248 elucet
909 2225 952 2248 ex
979 2224 1032 2256 eo,
1065 2214 1165 2258 quod
1190 2214 1320 2249 eodem
1346 2214 1443 2249 dicto
1467 2225 1556 2248 usus
1582 2216 1638 2249 est
1661 2215 1701 2249 in
1726 2215 1879 2251 Trachi-

303 2267 449 2303 niarum
480 2268 685 2311 prooemio;
719 2278 879 2311 namque
909 2278 956 2302 ne
987 2268 1116 2311 primis
1148 2267 1299 2311 quidem
1323 2267 1535 2312 tragoediae
1561 2267 1726 2302 versibus
1759 2268 1874 2303 insul-

306 2321 451 2356 sitatem
483 2320 734 2355 committebat
763 2322 872 2365 poeta
902 2321 945 2364 is,
981 2321 1045 2365 qui
1078 2323 1216 2365 quanta
1245 2321 1301 2355 vis
1333 2320 1470 2355 inesset
1494 2321 1668 2356 dramatis
1694 2321 1801 2357 initio
1826 2322 1877 2356 ad

306 2376 549 2419 spectatorum
576 2374 717 2408 animos
743 2374 956 2417 movendos,
981 2374 1083 2409 haud
1107 2374 1302 2419 ignoraret.

367 2428 400 2472 1)
426 2429 504 2461 tum
530 2427 629 2462 enim
653 2427 790 2461 nebula
817 2426 953 2462 diffusa
977 2430 1061 2462 ante
1086 2427 1252 2462 omnium
1280 2427 1422 2462 animos
1448 2438 1542 2471 quae
1563 2427 1727 2463 facinora
1744 2428 1877 2464 imma·

305 2480 369 2516 nia
394 2482 514 2515 essent
538 2481 743 2523 commissa,
769 2481 964 2515 manifesto
991 2482 1069 2516 erat
1088 2481 1291 2523 dilatatum,
1318 2482 1354 2515 et
1373 2479 1536 2524 Oedipus
1561 2482 1638 2516 tota
1661 2481 1698 2515 vi
1725 2481 1875 2516 calami·

306 2534 391 2569 tatis
418 2544 614 2578 oppressus
640 2534 679 2567 in
706 2535 857 2568 domum
883 2534 1025 2579 regiam
1051 2536 1128 2569 erat
1151 2534 1266 2577 latus;
1291 2545 1359 2568 nec
1384 2544 1469 2568 vero
1495 2534 1567 2568 iam
1595 2534 1635 2568 in
1662 2533 1794 2579 Oedipi
1819 2535 1875 2580 ip—

308 2588 383 2622 sius
409 2598 603 2631 personam
624 2587 778 2622 irruerat
803 2590 964 2623 eventus.
1000 2599 1098 2622 nunc
1123 2589 1246 2622 autem
1271 2587 1397 2622 omnia
1421 2590 1508 2621 sunt
1533 2588 1707 2631 confecta,
1732 2599 1795 2623 rex
1819 2589 1876 2623 in-

307 2640 542 2675 felicissimus
567 2641 730 2675 reddidit
753 2641 913 2676 rationes
939 2641 1153 2676 facinorum.
1190 2645 1226 2676 et
1249 2641 1289 2675 id
1314 2641 1414 2684 quod
1439 2640 1569 2675 chorus
1595 2643 1704 2676 antea
1721 2641 1890 2677 fortasse,

308 2694 472 2736 coniecit,
498 2694 573 2728 iam
598 2696 682 2729 ante
708 2694 831 2730 oculos
858 2697 913 2729 est
936 2694 1114 2739 positum:
1148 2694 1279 2729 chorus
1304 2694 1539 2730 incohaverat
1564 2705 1729 2730 summae
1754 2694 1875 2740 gravi-

308 2748 391 2782 tatis
418 2748 611 2790 canticum,
639 2759 711 2791 quo
737 2748 903 2782 omnium
928 2759 1050 2782 rerum
1074 2748 1319 2782 humanarum
1344 2747 1626 2782 inconstantiam
1653 2747 1890 2793 contempla--

308 2803 366 2835 tus
392 2800 524 2845 Oedipi
550 2801 695 2836 ruinam
719 2801 964 2836 miserrimam
988 2800 1120 2836 habuit
1137 2812 1203 2845 pro
1223 2800 1407 2844 exemp103
1433 2812 1531 2835 nunc
1549 2811 1635 2836 vero
1655 2799 1891 2846 suspicionis,

308 2853 557 2888 testimonium
582 2854 777 2898 praebetur
801 2854 885 2899 ipsa
906 2854 1005 2898 regis
1030 2865 1188 2899 persona
1211 2853 1462 2889 crudelissime
1487 2854 1693 2889 dilacerata.
1884 2861 1886 2864 '
