2106 3320
972 131 1267 172 -74-

326 254 493 304 παντὸς
519 255 736 308 χρήματος
762 250 871 306 ὁρᾶν
897 248 1097 292 ἐκέλευε’.
1133 257 1173 291 et
1203 250 1408 303 Sophoclis
1442 263 1499 291 w.
1526 257 1619 291 sunt
1642 251 1685 292 hi
1710 247 1826 306 (Oed.
1851 250 1898 290 R.

333 316 595 375 1528—30):

450 390 578 431 ‘diove
603 387 776 441 θνητὸν
800 388 907 429 ὄντα
933 386 1117 440 κείνην
1140 386 1234 441 τὴν
1258 385 1570 428 τελευταίαν
1595 386 1713 428 ίὸεῑν

448 447 616 503 ἡμέραν
646 445 877 503 πρέπειι)
904 451 1207 487 σκοποῦντα
1239 444 1388 499 μηδέν’
1414 445 1619 499 ὀλβίζειν,
1644 443 1752 501 πρὶν
1782 444 1840 488 ἂν

445 512 580 567 τέρμα
610 517 688 554 τοῦ
717 514 820 566 βίου
845 511 1013 567 περάσῃ
1040 507 1178 566 μηδὲν
1204 509 1413 565 ἀλγεινὸν
1438 510 1628 552 παθών’.

390 586 594 639 Euripidei
620 590 750 624 autem
778 584 855 624 loci
880 585 958 624 huc
984 589 1165 636 spectant
1189 584 1248 623 hi:

389 651 576 692 Androm.
604 648 691 690 100
717 663 767 690 ss.
796 646 970 704 (fabulae
997 655 1105 689 actae
1131 649 1256 689 lustro
1283 662 1315 689 a.
1341 645 1604 704 430—426):

572 720 668 775 ’χρὴ
702 720 741 761 δ’
767 720 914 762 οὔποτ)
941 719 1083 761 εἰπεῖν
1115 717 1258 761 οὐδέν’
1285 719 1441 772 ὄλβιον
1465 720 1653 774 βροτῶν,

564 786 690 840 πρὶν
715 784 777 827 ἂν
802 785 1025 834 θανόντος
1051 785 1143 839 τὴν
1173 786 1483 826 τελευταίαν
1514 784 1630 840 ἴδῃς

568 851 685 900 ὅπως
709 850 937 906 περάσας
963 849 1132 904 ἡμέραν
1156 848 1248 903 ἥξει
1279 849 1425 892 κάτω’.

328 924 549 977 eodemque
576 925 657 963 sere
684 929 862 975 tempore
882 922 1182 963 Heraclidarum
1207 935 1265 962 vv,
1293 919 1380 962 864
1406 934 1458 963 ss.
1485 923 1722 974 composuit:

1451 991 1515 1025 ‘-—
1539 996 1717 1047 μαθεῖν,

570 1059 651 1100 τὸν
677 1059 878 1113 εὐτυχεῖν
903 1058 1125 1100 δοκοῦντα
1150 1059 1208 1112 μὴ
1242 1060 1413 1112 ζηλοῦν,
1438 1055 1564 1112 πρὶν
1589 1055 1646 1098 ἂν

571 1125 785 1165 θανόντ’
813 1124 898 1178 ἴδῃ
925 1136 1014 1173 τις·
1041 1123 1099 1173 ὡς
1118 1122 1374 1179 ἐφήμεροι
1399 1121 1578 1177 τύχαι).

323 1197 555 1249 similesque
590 1196 667 1236 loci
704 1193 798 1250 (nec
829 1208 921 1235 vero
960 1201 1038 1236 tam
1073 1192 1230 1248 graves)
1266 1201 1358 1235 sunt
1388 1194 1526 1235 Troad.
1559 1192 1698 1235 509⁸:
1731 1194 1896 1249 μηδένα

326 1261 508 1315 νομίζετ’
544 1260 755 1313 εὐτυχεῖν,
798 1258 906 1313 πρὶν
941 1258 998 1301 ἂν
1037 1260 1176 1316 θάνῃς
1211 1266 1250 1301 et
1281 1261 1423 1301 Electr.
1450 1257 1662 1300 953-56:
1693 1258 1805 1301 ὥστε
1836 1283 1894 1290 -

317 1326 384 1379 ,μὴ
411 1350 468 1379 -‚
488 1325 611 1379 πρὶν
637 1323 698 1366 ἂν
723 1324 881 1379 πέρας
900 1349 946 1355 -
965 1324 1138 1379 ἴκηται’.
1171 1326 1315 1379 quibus
1340 1325 1464 1365 Marx
1491 1325 1691 1365 adnotavit
1710 1321 1766 1380 (p.
1789 1323 1901 1382 137)

326 1392 397 1431 hos
422 1392 530 1432 locos
557 1392 757 1444 Euripidis
785 1397 969 1444 quattuor
1000 1393 1041 1431 in
1068 1393 1174 1431 exitu
1208 1392 1430 1431 orationum
1456 1403 1543 1430 esse
1569 1392 1731 1443 positos,
1756 1403 1894 1440 omnes

325 1457 512 1497 exhibere
546 1454 654 1511 πρὶν
689 1457 761 1498 ἄνε
798 1456 902 1509 quod
937 1457 1043 1496 idem
1077 1458 1302 1497 invenimus
1338 1462 1378 1496 et
1411 1456 1515 1509 apud
1550 1455 1685 1509 Soph.
1720 1461 1761 1497 et
1790 1455 1894 1510 apud

325 1522 501 1562 Hdtum.
535 1535 627 1574 ergo
660 1524 789 1562 omnia
823 1535 867 1562 ea
894 1522 1071 1574 exempla
1103 1524 1144 1562 in
1170 1535 1294 1562 unum
1334 1534 1421 1562 esse
1448 1521 1745 1574 complectenda
1768 1523 1894 1563 mani·

325 1587 470 1627 festum
506 1594 577 1627 est.
613 1601 658 1627 ac
692 1601 741 1627 ne
775 1588 822 1627 de
858 1589 1011 1639 origine
1045 1588 1203 1640 quidem
1240 1587 1413 1627 dubitari
1437 1592 1579 1640 potest.
1620 1599 1790 1640 namque
1815 1587 1894 1628 loci

325 1653 530 1705 Euripidei
550 1658 730 1705 spectant
748 1654 790 1692 in
811 1652 1083 1705 Sophocleum,
1110 1654 1296 1706 quoniam
1316 1653 1467 1692 nullum
1494 1653 1578 1692 fere
1597 1651 1761 1693 verbum
1779 1665 1894 1706 prae-

325 1717 433 1769 bent,
460 1720 555 1770 quin
582 1718 686 1757 idem
712 1720 959 1758 inveniamus
985 1720 1062 1758 iam
1087 1720 1130 1758 in
1156 1718 1306 1770 Oedipo
1326 1723 1506 1758 exeunte.
1532 1730 1622 1758 nam
1648 1717 1753 1771 quod
1770 1717 1892 1758 Hera-

325 1782 415 1822 clid.
442 1796 475 1822 v.
504 1782 589 1823 866
617 1783 779 1823 dicitur:
818 1781 875 1831 ὡς
908 1781 1121 1837 ἐφήμεροι
1154 1782 1295 1836 τύχαι,
1323 1783 1524 1835 exemplar
1560 1784 1636 1823 etsi
1673 1788 1767 1824 sunt
1798 1782 1892 1824 Hdti

324 1848 460 1887 verba:
483 1846 506 1899 ἡ
534 1845 656 1900 ἑτέρη
678 1853 729 1902 τῇ
751 1845 873 1902 ἑτέρῃ
895 1846 1030 1901 ἡμέρῃ
1051 1847 1099 1888 τὸ
1119 1846 1328 1896 παράπαν
1348 1844 1482 1888 οὐδὲν
1502 1847 1658 1899 ὅμοιον
1677 1845 1892 1902 προσάγει

324 1909 558 1967 πρῆγμα,2)
585 1926 700 1952 causa
728 1920 858 1952 tamen
885 1919 945 1953 est
976 1913 1071 1952 illud
1104 1914 1287 1965 κείνην
1318 1912 1399 1966 τὴν
1431 1914 1688 1954 τελευταίαν
1724 1910 1893 1968 ἡμέραν

324 1973 379 2032 (ν.
411 1975 543 2031 1528)
577 1977 855 2031 Sophocleum3
894 1979 967 2017 hac
1005 1990 1097 2018 vero
1136 1991 1230 2017 voce
1268 1979 1422 2030 κείνην
1459 1978 1739 2030 comprobatur
1774 1991 1891 2032 quam

325 2044 552 2082 certissime
579 2044 688 2094 origo
710 2042 846 2082 Hdtea.
873 2042 912 2081 id
938 2042 1043 2094 quod
1069 2045 1145 2083 iam
1166 2043 1273 2083 Marx
1300 2045 1456 2095 agnovit
1476 2039 1531 2098 (p.
1557 2040 1660 2098 136)
1686 2045 1891 2096 professus

323 2107 431 2147 illam
459 2108 562 2148 diem
588 2120 676 2147 esse
702 2105 897 2148 τουτέων
923 2113 1012 2148 τῶν
1038 2104 1240 2149 ἁπασέων
1272 2106 1471 2161 ἡμερέων
1496 2113 1585 2148 τῶν
1617 2105 1660 2157 ἐς
1686 2107 1739 2149 τὰ
1764 2105 1890 2160 ἑβδο-

322 2173 520 2225 μήκοντα
547 2173 658 2224 ἔτεα,
684 2186 782 2225 quas
807 2179 1054 2225 computaret
1079 2173 1205 2213 Hdtus
1231 2171 1283 2228 (c.
1305 2171 1363 2214 32
1382 2169 1516 2227 med).
1544 2178 1583 2213 et
1607 2173 1709 2214 banc
1735 2173 1889 2214 dierum

323 2240 515 2278 rationem
542 2238 636 2290 quid
661 2240 807 2277 mirum
834 2239 938 2290 quod
965 2238 1178 2291 Sophocles
1204 2241 1334 2278 animo
1360 2251 1432 2278 suo
1457 2237 1615 2278 infixit?
1645 2240 1724 2278 iam
1750 2251 1888 2292 super—

322 2315 537 2343 vacaneum
564 2309 624 2342 est
650 2303 822 2355 reliquas
855 2316 1089 2343 enumerare
1116 2304 1426 2357 convenientias3
1452 2303 1572 2343 affero
1598 2309 1750 2344 tantum
1775 2316 1888 2344 voca-

323 2367 461 2408 bulum
487 2366 690 2408 σκοπέειν
717 2391 760 2396 -
794 2373 1045 2409 σκοποῦντα
1078 2365 1191 2423 (Oed.
1212 2369 1255 2408 R.
1278 2365 1423 2423 1529).
1455 2370 1575 2408 immo
1601 2381 1819 2409 consensus
1845 2369 1890 2410 fit

321 2433 575 2485 perlucidior,
610 2435 643 2473 si
679 2434 853 2486 reliquos
892 2434 1069 2474 eiusdem
1104 2435 1321 2474 sententiae
1356 2433 1463 2474 locos
1498 2439 1588 2474 ante
1620 2434 1715 2475 Oed.
1740 2434 1887 2487 Regem

323 2500 562 2550 compositos
594 2498 928 2551 comparabimus:
960 2499 1141 2552 Aeschyli
1166 2499 1298 2551 Agam.
1330 2511 1364 2538 v,
1391 2497 1477 2538 919
1493 2512 1522 2538 s.
1563 2501 1638 2539 iam
1671 2513 1791 2552 supra
1821 2512 1888 2540 ex·

322 2565 574 2615 scripsimus:
607 2562 782 2615 ὀλβίσαι
814 2560 862 2604 δὲ
897 2563 977 2618 χρὴ
1009 2563 1110 2616 βίον
1142 2563 1442 2617 τελευτήσαντ’
1474 2562 1522 2604 ἐν
1555 2563 1726 2605 εὐεστοῖ
1766 2564 1885 2620 φίλῃ.

322 2630 447 2680 magis
473 2630 639 2668 interest
664 2630 862 2681 inspicere
889 2629 1022 2681 Eurip.
1050 2629 1208 2669 Medeae
1234 2643 1267 2670 v,
1297 2627 1409 2669 1228
1425 2642 1475 2669 SS.
1504 2626 1623 2683 (quae
1650 2630 1778 2671 fabula
1801 2635 1887 2671 acta

320 2699 383 2733 est
409 2707 441 2734 a.
467 2691 593 2748 431):

383 2822 416 2863 1)
441 2820 571 2854 Manii
598 2821 738 2855 emend.
765 2831 831 2865 pro
852 2821 913 2856 ἐπι
938 2841 993 2856 -—-.

382 2874 418 2917 2)
443 2873 495 2907 ita
519 2875 560 2907 ut
584 2873 779 2917 Euripides
805 2874 927 2918 ipsum
953 2873 1041 2908 Hdti
1067 2873 1203 2908 librum
1229 2874 1266 2908 in
1286 2873 1456 2908 manibus
1476 2873 1649 2909 habuisse
1669 2875 1846 2910 videatur.
1869 2890 1877 2906 ς
