2106 3320
957 162 1253 204 -16-

313 302 395 330 11011
421 301 645 342 possumus,
673 290 768 341 quin
795 290 913 328 etiam
940 300 1043 340 eum,
1069 289 1138 340 qui
1159 288 1258 328 illud
1277 290 1476 329 somnium
1495 290 1665 342 finxerit,
1690 291 1807 332 istius
1827 303 1889 331 ra-

314 357 436 395 tionis
463 355 666 394 conscium
693 353 771 392 sibi
797 353 920 393 fuisse
947 349 1286 409 constituamus.¹)

376 420 495 471 Atqui
513 419 747 459 Petersen
768 415 859 473 (Rh.
874 418 923 457 M.
940 416 1052 458 1911
1074 431 1112 471 p.
1129 414 1227 474 131)
1247 431 1407 459 versum
1432 418 1548 459 aliter
1568 419 1774 474 intellegit,
1799 434 1890 463 cum

315 485 437 525 verbo
468 483 801 537 βεβροτώμενος
833 484 1049 535 significari
1079 483 1282 524 contendit
1319 483 1529 524 draconem
1561 486 1689 538 capite
1718 485 1890 527 humano

311 556 511 590 ornatum.
544 549 615 589 sed
639 550 813 601 primum
834 548 964 589 obstat
982 560 1055 588 vox
1076 547 1233 603 ἄκρον;
1258 555 1343 589 tum
1362 551 1484 590 totius
1504 551 1646 603 capitis
1665 550 1891 592 Plutarchei

317 617 418 655 ratio
438 628 603 667 prorsus
622 614 803 667 neglecta
823 620 895 654 est.
926 614 1162 654 Plutarchus
1183 616 1289 654 enim
1309 615 1424 655 affert
1443 617 1607 668 somnia,
1634 616 1778 668 quibus
1798 617 1891 656 faci-

315 693 414 720 nora
432 681 619 720 immania
640 680 900 720 scelestorum
924 679 1049 719 oculis
1070 679 1198 720 denuo
1219 680 1447 733 offerantur,
1468 682 1559 721 cum
1578 683 1656 734 ipsi
1674 683 1892 734 ignominia

314 746 449 785 affecti
474 751 689 798 appareant
716 758 761 785 ac
786 745 1001 784 vindictam
1026 750 1184 797 parent:
1224 746 1283 785 eis
1307 747 1430 797 igitur
1460 746 1700 799 imaginibus
1725 747 1819 788 libri
1844 747 1891 788 de

317 823 407 851 sera
431 823 539 851 num.
574 811 788 850 vindicta
815 811 1042 862 conscripti,
1069 823 1168 863 quae
1189 823 1326 850 revera
1345 811 1461 863 paulo
1480 817 1572 863 post
1590 813 1806 864 evenerint,
1831 814 1891 852 in-

315 876 500 916 dicantur
518 876 702 916 ultiones.
730 889 806 928 quo
827 881 1008 928 spectant
1026 875 1162 916 verba:
1183 875 1292 930 πρὸς
1310 875 1363 917 τὰ
1382 875 1536 929 γιγνό
1544 890 1672 929 μενοι
1691 875 1764 919 καὶ
1783 877 1893 932 πρὸς

316 940 399 994 τὴν
412 939 628 994 ἀλήθειαν
642 939 1001 982 ἀποπλάττεσθαι
1020 939 1069 981 τὸ
1084 945 1160 994 τῆς
1168 941 1537 996 Κλυταιμήστρας
1550 938 1777 996 ἐνύπνιον,
1790 942 1829 983 11.
1840 954 1892 984 e.:

315 1008 481 1046 finxisse
508 1006 557 1046 ad
582 1008 791 1046 veritatem
817 1012 934 1058 atque
960 1011 1004 1046 ut
1029 1019 1095 1046 res
1120 1008 1229 1059 ipsae
1256 1012 1392 1047 essent
1416 1013 1642 1048 eventurae.

376 1072 495 1124 Atqui
520 1074 561 1111 in
587 1071 741 1112 fabulae
767 1077 954 1111 contextu
973 1072 1214 1124 Agamemno
1239 1085 1320 1112 non
1345 1073 1431 1125 ipse
1457 1074 1567 1113 venit
1590 1085 1794 1126 praesens,
1820 1072 1892 1114 sed

316 1137 515 1177 vindicem
542 1138 652 1177 misit
676 1137 815 1190 filium,
841 1150 862 1176 a
884 1150 960 1189 quo
987 1137 1084 1189 Clyt.
1104 1134 1404 1193 occideretur.²)
1455 1139 1627 1178 occisam
1653 1144 1785 1179 autem
1805 1150 1893 1178 esse

317 1204 499 1255 reginam
518 1216 540 1243 a
566 1216 638 1243 suo
664 1202 746 1242 filio
774 1204 894 1242 etiam
920 1204 961 1242 in
983 1202 1199 1242 Stesichori
1225 1205 1411 1255 carmine,
1437 1203 1478 1243 id
1503 1203 1595 1243 inde
1622 1204 1762 1256 elucet,
1789 1203 1894 1256 quod

315 1268 455 1321 Apollo
467 1268 599 1308 Oresti
619 1280 754 1308 arcum
771 1268 982 1308 tradidisse
1003 1268 1129 1308 fertur
1149 1273 1287 1308 contra
1305 1269 1429 1308 furias
1443 1264 1584 1323 (schol.
1592 1269 1685 1309 Eur.
1693 1268 1759 1309 Or.
1767 1265 1893 1325 268):

318 1346 413 1385 ergo
433 1334 519 1386 ipso
539 1335 618 1373 iam
639 1335 792 1373 somnio
813 1333 1033 1385 significata
1053 1339 1137 1373 erat
1156 1334 1295 1373 matris
1315 1333 1468 1374 caedes.
1495 1346 1572 1386 quo
1592 1346 1781 1375 concesso
1794 1334 1894 1374 nihil

317 1404 451 1451 potest
484 1399 640 1439 facilius
671 1398 866 1451 intellegi,
902 1411 1019 1450 quam
1051 1398 1288 1450 Aeschylum
1319 1400 1517 1439 somnium
1549 1412 1664 1439 suum
1694 1400 1894 1452 recepisse

319 1469 446 1504 totum
478 1477 500 1504 e
534 1464 752 1504 Stesichori
783 1459 1009 1519 carmine.³)
1048 1476 1178 1516 neque
1212 1464 1454 1516 persuadere
1485 1465 1583 1504 mihi
1612 1477 1774 1517 possum
1804 1464 1894 1504 Plu-

383 1562 417 1607 1)
443 1561 510 1596 etsi
537 1563 655 1596 aetate
679 1561 881 1596 recentiore
908 1571 952 1596 ea
974 1572 1032 1595 res
1057 1561 1177 1605 magis
1202 1561 1349 1595 videtur
1374 1573 1452 1596 esse
1478 1561 1711 1597 adumbrata:
1743 1561 1896 1597 Hecuba

317 1615 421 1649 enim
446 1615 596 1660 (Hygin.
615 1614 689 1650 fab.
711 1616 770 1660 91)
801 1614 841 1649 in
867 1614 992 1658 quiete
1016 1613 1119 1649 videt
1153 1626 1191 1649 se
1215 1614 1334 1649 facem
1357 1626 1486 1659 parere
1512 1616 1716 1658 ardentem,
1752 1626 1797 1650 ex
1821 1627 1897 1660 qua

318 1670 506 1713 serpentes
538 1668 716 1712 plurimos
749 1668 883 1703 exisse:
916 1679 986 1702 nec
1015 1667 1057 1702 fit
1085 1667 1163 1702 ulla
1192 1668 1349 1703 mortis
1382 1669 1602 1714 significatio
1626 1671 1770 1714 praeter
1795 1669 1896 1714 quod

320 1721 499 1766 Erinyum
525 1722 633 1766 signa
657 1721 888 1756 adhibentur.
916 1722 1027 1765 atque
1045 1721 1085 1755 in
1103 1721 1234 1756 fraude
1252 1721 1457 1757 Nectanebi
1474 1734 1606 1768 magus
1627 1722 1821 1768 Olympiae
1839 1734 1895 1758 re·

318 1775 431 1820 ginae
449 1775 663 1819 pronuntiat
684 1775 772 1817 fore,
792 1776 834 1809 ut
850 1776 1028 1818 tanquam
1048 1774 1108 1809 dei
1127 1786 1342 1819 praecursor
1360 1775 1396 1810 ei
1416 1778 1594 1820 appareat
1612 1777 1732 1821 primo
1746 1787 1896 1821 serpens

321 1829 380 1872 (cf.
402 1828 733 1871 O.Weinreich,
766 1829 831 1862 der
856 1827 957 1872 Trug
984 1828 1048 1862 des
1073 1827 1309 1863 Nektanebos
1337 1832 1426 1864 1911
1453 1841 1490 1874 p.
1512 1831 1563 1875 7):
1587 1829 1648 1864 hic
1671 1841 1758 1865 vero
1778 1831 1897 1865 certae

323 1892 454 1916 causae
473 1882 686 1926 suppositae
705 1883 790 1916 sunt
808 1881 1036 1926 (Weinreich
1054 1893 1089 1925 p.
1111 1885 1132 1916 8
1153 1893 1211 1924 ss.‚
1232 1882 1298 1926 qui
1317 1883 1421 1917 addit
1439 1894 1474 1927 p.
1497 1886 1558 1917 12:
1580 1884 1670 1919 «der
1681 1883 1897 1928 schlangen-

319 1935 518 1979 gestaltige
545 1934 641 1978 Gott,
668 1935 733 1969 der
757 1934 865 1969 einen
898 1933 997 1968 Sohn
1028 1936 1177 1979 erzeugt
1202 1955 1245 1960 —
1272 1935 1337 1969 das
1363 1936 1411 1970 ist
1435 1936 1679 1972 hellenischer
1701 1936 1895 1981 Mythos»).

385 1989 419 2033 2)
444 1987 514 2022 hoc
531 1987 612 2022 loco
631 1987 857 2022 mentionem
875 1987 994 2022 facere
1013 1987 1107 2021 mihi
1126 1987 1235 2023 liceat
1247 1987 1425 2032 Νεκυίας,
1446 2000 1559 2034 quam
1572 1989 1723 2034 Gruppe
1744 1989 1896 2037 [griech.

323 2041 475 2085 Mythol.
500 2052 536 2085 p.
559 2044 645 2083 7023
680 2040 793 2086 Ettig,
819 2040 1066 2076 Acheruntica
1092 2044 1181 2075 1891
1208 2053 1245 2086 p.
1267 2042 1447 2089 278-7-82]
1477 2043 1665 2087 praedicat
1695 2044 1897 2078 exstantem

324 2104 368 2130 eo
393 2093 592 2129 Nostorum
616 2094 707 2138 loco,
732 2094 799 2128 ubi
819 2094 964 2129 Orestes
990 2094 1184 2129 consilium
1209 2094 1343 2130 inierat
1367 2096 1481 2140 patris
1507 2096 1719 2131 ulciscendi.
1753 2106 1827 2141 quo
1854 2106 1899 2131 ex

324 2150 542 2193 argumento
567 2151 698 2193 poetae
722 2148 860 2193 posteri
887 2150 1121 2192 sumpserunt
1144 2148 1247 2183 illam
1271 2149 1424 2184 fortasse
1444 2160 1624 2193 scaenam,
1650 2161 1732 2185 cum
1753 2149 1897 2186 Orestes

325 2202 365 2235 in
389 2202 504 2246 patris
531 2202 698 2246 sepulcro
724 2204 911 2236 consecrat
935 2201 1103 2245 gladium
1123 2202 1180 2247 (cf.
1200 2202 1349 2245 Robert‚
1374 2202 1415 2237 B.
1436 2215 1471 2237 u.
1492 2203 1530 2238 L.
1554 2205 1678 2251 16917)
1703 2205 1740 2239 et
1755 2204 1899 2248 patrem

323 2255 473 2289 invocat
490 2255 675 2290 vindictae
701 2254 908 2290 adiutorem
934 2255 1026 2301 [qua
1042 2255 1185 2290 ratione
1203 2255 1373 2291 inventus
1394 2258 1449 2291 est
1466 2256 1529 2291 ille
1548 2256 1669 2292 fratris
1690 2257 1899 2301 sororisque

323 2306 610 2353 ἀναγνωρισμός
635 2308 786 2354 (Robert
808 2319 845 2352 p.
868 2311 935 2343 166
956 2308 1050 2355 ss.)]:
1089 2309 1143 2343 ita
1166 2308 1455 2354 Agamemnonis
1479 2321 1606 2345 manes
1632 2311 1799 2346 constant
1822 2321 1898 2346 me-

322 2361 400 2395 ,diis
425 2361 465 2396 in
489 2362 598 2396 rebus
625 2361 748 2406 (Choe.
770 2365 854 2396 292:
882 2363 1016 2408 βωμῶν
1036 2360 1069 2396 τ’
1094 2361 1286 2407 ἀπείργειν
1305 2363 1373 2409 οὐχ
1398 2362 1589 2409 ὁρωμένην
1611 2363 1751 2407 πατρὸς
1775 2367 1899 2408 μῆνιν,

326 2424 424 2458 quae
448 2414 562 2449 verba
591 2425 666 2450 una
696 2426 780 2449 cum
809 2416 886 2450 toto
911 2426 945 2450 v.
967 2418 1130 2450 274—96
1163 2417 1332 2451 contextu
1362 2416 1524 2451 Dindorf
1549 2416 1641 2452 falso
1672 2416 1712 2451 in
1743 2415 1899 2452 dubium

326 2467 488 2510 vocavit3
520 2468 563 2502 cf.
590 2467 724 2503 Blassii
750 2467 862 2513 edit).
903 2479 1061 2513 quorum
1086 2470 1243 2504 duorum
1274 2471 1575 2514 argumentorum
1605 2469 1770 2505 medium
1798 2470 1901 2505 tenet

327 2521 491 2564 spatium
521 2521 646 2566 imago
671 2532 694 2556 a
717 2521 876 2556 Roberto
909 2522 963 2566 (B.
984 2534 1019 2557 u.
1040 2522 1078 2557 L.
1101 2526 1168 2557 177
1190 2524 1232 2566 s.)
1265 2534 1284 2558 e
1309 2522 1407 2558 vasis
1438 2523 1548 2568 pictis
1578 2525 1792 2566 restaurata,
1825 2533 1901 2567 qua

324 2573 429 2619 ‘picta
460 2576 514 2609 est
538 2574 826 2619 Agamemnonis
858 2575 991 2611 umbra
1020 2576 1060 2610 in
1090 2576 1319 2611 monumenti
1349 2576 1494 2621 porticu
1524 2577 1654 2619 locata,
1687 2577 1727 2611 in
1757 2575 1899 2611 tumulo

328 2628 402 2661 tres
427 2627 581 2671 Erinyes
614 2628 835 2663 dormientes
868 2629 995 2673 (simili
1026 2630 1136 2664 modo
1162 2629 1295 2664 Darius
1326 2629 1365 2664 in
1391 2629 1563 2674 Aeschyli
1587 2629 1707 2665 Persis
1733 2628 1856 2665 evadit
1879 2639 1900 2664 e

330 2682 523 2726 sepulcro).
550 2681 629 2716 eius
654 2692 740 2716 vero
766 2681 913 2716 fabulae
938 2681 1128 2717 residuum
1154 2684 1212 2717 est
1235 2683 1419 2717 somnium
1444 2682 1490 2717 ab
1511 2683 1788 2728 Agamemnone
1811 2681 1898 2716 mis-

331 2745 429 2768 sum:
467 2745 595 2770 manes
630 2734 730 2769 enim
766 2737 831 2769 aut
866 2735 938 2779 ipsi
971 2738 1149 2780 apparent
1179 2737 1244 2770 aut
1272 2735 1473 2770 moliuntur
1506 2736 1687 2781 imagines
1718 2734 1899 2770 terribiles

330 2786 496 2832 (Gruppe
520 2800 557 2832 p.
578 2790 672 2832 934).

393 2842 430 2885 3)
456 2841 533 2876 sive
564 2841 665 2876 illius
696 2842 813 2877 fonte:
847 2844 1066 2887 spectatores
1098 2841 1251 2887 quidem
1282 2842 1360 2877 sine
1391 2842 1505 2877 dubio
1535 2841 1576 2876 id
1606 2841 1824 2878 rettulerunt
1853 2841 1901 2877 ad

326 2892 531 2928 Stesichori
550 2894 741 2937 Orestfflm,
769 2905 881 2939 quam
907 2895 1079 2930 omnibus
1103 2895 1218 2930 fuisse
1242 2895 1473 2930 notissimam
1497 2895 1573 2930 iam
1598 2906 1709 2939 supra
1727 2895 1900 2930 diximus.
