2106 3320
978 123 1274 165 „52-

404 246 558 286 Posteri
584 246 708 297 igitur
733 244 916 283 Paridem
943 244 1144 283 finxerunt
1163 243 1423 284 excellentem
1447 245 1554 284 inter
1572 250 1752 297 pastores
1772 258 1919 298 aequa·

348 311 423 351 les:
443 310 545 363 Cyro
568 322 722 362 quoque
742 321 866 361 puero
886 308 1075 361 pastorali
1095 321 1116 348 a
1136 308 1339 349 sodalibus
1353 308 1531 349 defertur
1545 322 1712 362 regnum
1726 306 1779 365 (c.
1796 307 1920 366 114).

349 378 505 428 iamque
533 375 862 427 appropinquavit
887 379 1056 426 tempus,
1083 386 1160 426 quo
1187 375 1390 427 expositus
1417 376 1715 427 recognoscitur
1741 380 1781 416 et
1799 376 1920 416 domo

343 442 469 494 patria
503 442 706 492 recipitur.
744 439 847 479 hanc
883 436 1186 493 ἀναγνώρισιν
1211 441 1253 479 in
1279 439 1424 492 Hygini
1454 439 1572 479 modo
1607 440 1737 481 fabula
1762 442 1919 481 inveni-

344 519 432 546 mus
458 507 711 546 continenter
735 509 954 558 narratam3
979 509 1185 556 praeterea
1211 517 1284 545 nos
1316 505 1501 545 adiuvant
1525 504 1649 546 ubera
1674 504 1919 546 Alexandro-

343 584 431 612 rum
451 570 688 623 Euripideae
708 570 989 622 Ennianaeque
1009 570 1159 623 fragm,
1179 572 1320 622 exigua
1340 570 1592 623 Sophocleae,
1611 570 1757 623 quibus
1777 570 1917 611 eadem

343 638 424 677 fere
458 636 585 676 fabula
620 635 839 675 exhibetur.
879 635 1180 675 fundamentum
1219 640 1351 675 autem
1383 641 1460 688 est,
1497 635 1682 686 Paridem
1720 635 1769 675 ad
1800 635 1919 676 ludos

343 701 527 742 funebres
562 703 719 741 venisse
746 701 924 753 Troiam,
963 700 1066 752 quod
1102 700 1291 741 satellites
1330 703 1430 753 regii
1473 700 1658 742 ludorum
1689 701 1915 754 praemium

341 767 598 807 abduxissent
623 772 780 806 taurum
808 778 910 819 eum,
937 779 1054 818 quem
1079 766 1218 806 habuit
1243 767 1285 805 in
1312 765 1475 806 deliciis.
1501 779 1618 819 quam
1633 766 1816 807 fabellam
1839 779 1917 806 cur

343 832 520 872 Wentzel
561 829 615 886 (p.
644 829 719 886 54)
757 831 947 871 iudicavit
991 833 1315 883 contaminatam,
1352 844 1431 871 non
1477 831 1676 883 intellego.
1721 836 1767 872 ut
1803 833 1911 871 enim

344 897 492 937 athlum
519 897 684 937 funebre
711 898 836 949 fieret,
861 898 1011 950 pastori
1038 897 1142 949 quod
1167 897 1253 949 ipse
1285 896 1546 937 descenderet
1571 909 1650 936 non
1677 902 1773 949 erat,
1798 909 1918 949 prae-

341 964 478 1002 sertim
507 964 540 1002 si
553 959 586 1017 ¹)
614 963 824 1014 quotannis
850 964 891 1002 in
924 962 1071 1015 perditi
1098 962 1169 1002 filii
1194 963 1427 1002 memoriam
1453 962 1636 1002 Priamus
1668 961 1781 1002 ludos
1808 973 1918 1002 com·

341 1030 534 1081 mitteret3
568 1033 703 1067 contra
736 1029 771 1068 si
802 1033 939 1067 taurus
966 1029 1003 1067 ei
1029 1029 1199 1080 rapitur,
1235 1040 1354 1080 quem
1380 1028 1428 1068 ad
1454 1029 1575 1068 finem
1601 1029 1764 1080 rapitur,
1789 1029 1844 1068 ita
1867 1033 1914 1068 ut

341 1095 426 1146 ipse
455 1091 696 1133 descendat?
722 1092 819 1132 illud
844 1105 938 1132 vero
965 1098 1241 1144 argumentum
1267 1106 1408 1145 magna
1436 1106 1526 1133 cum
1556 1098 1639 1133 arte
1666 1094 1915 1146 excogitasse

338 1159 532 1210 tragicum
558 1164 715 1210 poetam
741 1157 1038 1198 concedendum
1066 1164 1143 1212 est;
1170 1164 1209 1198 et
1229 1172 1319 1199 eum
1340 1159 1591 1211 suspicamur
1616 1171 1704 1199 esse
1730 1158 1915 1211 Sopho·

340 1224 459 1263 clem
488 1220 651 1277 (Hygini
681 1219 913 1278 auctorem).
956 1223 1052 1263 baec
1090 1229 1220 1264 autem
1254 1224 1433 1264 condicio
1460 1229 1544 1264 erat
1568 1223 1784 1277 probanda,
1816 1237 1914 1277 quo-

339 1289 454 1329 modo
493 1290 607 1328 fieret
652 1294 697 1328 ut
739 1293 873 1341 pastor
904 1289 1248 1340 recognoscendus
1282 1302 1372 1330 cum
1415 1291 1456 1329 in
1494 1289 1695 1329 montibus
1731 1301 1915 1330 versare-

339 1359 421 1406 tur,
466 1355 747 1394 commercium
792 1355 913 1393 iniret
958 1367 1047 1394 cum
1093 1356 1270 1406 cognatis
1314 1356 1435 1407 regiis
1479 1355 1742 1408 urbanisque3
1787 1366 1914 1406 aequa

338 1424 423 1459 erat
449 1419 628 1459 condicio
653 1421 695 1458 in
723 1419 814 1471 Cyri
840 1419 980 1470 fabula,
1006 1419 1075 1459 ubi
1112 1420 1218 1459 filius
1244 1419 1452 1472 pastoralis
1479 1416 1545 1474 (οὗ
1574 1417 1621 1460 ἐκ
1651 1423 1727 1472 τῆς
1762 1418 1914 1473 κώμκης

337 1484 490 1533 παῖδες
511 1498 542 1524 c.
567 1481 669 1539 115)
697 1485 797 1524 ludit
821 1498 898 1524 una
925 1498 1014 1525 cum
1035 1485 1115 1524 filio
1141 1485 1380 1525 nobilissimi
1403 1487 1479 1525 viri
1499 1484 1742 1525 Artembaris
1766 1485 1911 1526 urbani

338 1546 588 1604 (κατελθὼν
615 1546 658 1598 ἐς
683 1549 815 1590 πόλιν
841 1563 873 1590 c.
896 1547 1019 1605 114);
1056 1555 1095 1590 et
1127 1563 1228 1603 puer
1263 1550 1455 1591 obscurus
1486 1552 1660 1603 primum
1685 1550 1816 1590 locum
1842 1550 1910 1590 ob-

339 1617 453 1655 linet:
489 1620 533 1654 ut
575 1615 699 1667 Cyrus
738 1617 842 1655 inter
880 1616 1065 1668 aequales
1103 1617 1147 1656 fit
1182 1629 1269 1669 rex,
1306 1618 1360 1656 ita
1403 1616 1515 1656 Paris
1561 1617 1668 1656 inter
1710 1621 1912 1656 certantes

337 1682 542 1734 princeps3
581 1681 735 1720 nobiles
773 1686 904 1720 autem
944 1682 1035 1720 victi
1075 1694 1119 1721 ac
1152 1681 1390 1722 contumelia
1416 1682 1547 1722 affecti
1573 1682 1768 1721 rationem
1793 1693 1910 1734 repe-

338 1751 426 1785 tunt
451 1759 471 1784 a
497 1747 657 1786 victore.

397 1810 515 1863 Atqui
551 1811 745 1863 quomodo
779 1811 991 1864 Sophocles
1030 1813 1341 1863 recognitionem
1375 1811 1617 1864 perduxerit,
1653 1811 1813 1853 difficile
1849 1818 1910 1853 est

338 1877 498 1928 cognitu
521 1874 617 1928 (nisi
632 1877 731 1916 forte
747 1876 1006 1916 Cassandram
1018 1878 1167 1929 primas
1182 1878 1311 1928 egisse
1325 1881 1458 1928 partes
1471 1876 1649 1929 Hyginus
1658 1873 1691 1932 ²)
1706 1873 1909 1932 testatur).

339 1940 443 1992 apud
469 1940 699 1993 Euripidem
725 1941 883 1993 quidem
911 1946 994 1980 rata
1021 1942 1132 1993 signa
1158 1937 1226 1995 (cf.
1248 1941 1356 1981 Ovid.
1378 1941 1460 1981 her.
1484 1939 1574 1996 1689
1596 1955 1659 1994 ss.,
1687 1943 1793 1983 Serv,
1812 1944 1907 1984 Aen.

337 2003 474 2057 v370,
490 2003 555 2060 al.)
571 2006 653 2045 sive
669 2006 885 2058 crepundia
899 2002 1272 2061 (Dracont898-103)
1288 2006 1336 2046 ad
1349 2006 1531 2047 Paridem
1545 2009 1907 2059 recognoscendum

337 2070 504 2110 multum
536 2070 705 2110 valuisse
736 2070 920 2110 videntur
955 2068 1023 2125 (cf.
1056 2071 1237 2111 Zoellner
1269 2084 1306 2124 p.
1336 2068 1458 2126 110);
1492 2077 1627 2112 contra
1659 2072 1762 2125 apud
1788 2073 1906 2126 Soph.

338 2135 504 2176 fortasse
537 2136 660 2175 forma
685 2137 874 2188 vigorque
901 2137 1022 2176 animi
1052 2136 1244 2176 indicium
1270 2142 1396 2177 tectae
1421 2137 1637 2178 nobilitatis
1663 2143 1748 2178 erat
1774 2134 1904 2193 (Ovid.

337 2279 401 2323 gia
423 2291 498 2315 non
523 2280 693 2315 videntur
726 2281 869 2324 deesse,
902 2281 1003 2316 velut
1031 2283 1057 2315 Z
1083 2282 1176 2327 522),
1203 2293 1287 2316 cum
1310 2279 1539 2326 Ἀλέξανδρος
1562 2293 1697 2317 nomen
1722 2282 1769 2317 ab
1795 2282 1904 2318 initio

337 2334 432 2367 certe
463 2332 643 2368 tributum
669 2334 717 2368 sit
741 2333 854 2368 militi
887 2334 1086 2369 fortissimo
1113 2334 1166 2379 (id
1191 2334 1291 2379 quod
1316 2335 1430 2370 sensit
1454 2335 1565 2370 etiam
1591 2335 1701 2371 schol.
1727 2334 1768 2370 Il.
1797 2338 1902 2384 129⁸).

336 2385 389 2420 ita.
412 2386 594 2421 Paridis
622 2398 769 2431 quoque
787 2398 923 2422 nomen
943 2387 1171 2433 intellegitur
1192 2388 1272 2423 ‘der
1289 2388 1404 2431 Erste,
1430 2388 1494 2423 der
1513 2389 1634 2424 Beste’
1657 2389 1714 2435 (cf.
1734 2389 1904 2425 Kretsch·

337 2450 426 2482 mer,
451 2439 546 2475 Einl.
574 2440 613 2474 in
640 2441 673 2475 d.
695 2440 825 2476 Gesch.
853 2440 887 2476 d.
914 2441 1050 2486 griech.
1072 2441 1151 2486 Spr.
1169 2453 1205 2486 p.
1228 2445 1307 2477 185.
1327 2441 1427 2476 Tfirk
1445 2442 1486 2476 in
1504 2441 1679 2477 Roseheri
1697 2443 1767 2479 lex.
1785 2444 1902 2489 myth.

338 2503 372 2526 V.
398 2492 500 2527 Paris
528 2497 618 2528 1902
640 2506 676 2538 p.
699 2497 790 2528 1580
797 2520 830 2540 50
844 2496 903 2539 ss).
932 2506 1044 2538 quare
1068 2494 1205 2539 posteri
1229 2494 1482 2530 fortitudinem
1506 2495 1725 2532 rettulerunt
1748 2497 1789 2532 in
1811 2497 1902 2534 adu-

343 2545 538 2581 lescentem
563 2547 727 2581 nondum
752 2547 906 2582 Veneris
931 2547 1114 2583 illecebris
1153 2547 1414 2591 effeminatum,
1445 2550 1481 2583 et
1511 2549 1771 2586 intellexerunt
1791 2561 1901 2596 pecu-

338 2600 423 2633 dum
452 2610 475 2634 a.
498 2599 626 2634 bestiis
658 2601 981 2646 praedonibusque
1014 2601 1258 2636 defensorem:
1292 2612 1386 2646 quae
1415 2613 1473 2637 res
1498 2602 1676 2646 primaria.
1707 2605 1804 2639 certe
1828 2615 1904 2640 non

337 2654 392 2686 est·
416 2652 552 2698 (potius
579 2654 682 2688 decet
704 2653 958 2700 Ἀλεξίθερος).

399 2707 432 2750 1)
460 2707 559 2749 quod
584 2706 749 2742 Wentzel
775 2708 961 2743 contendit
985 2720 1020 2752 p.
1048 2712 1104 2751 26,
1129 2720 1203 2743 non
1227 2707 1479 2753 probabiliter.

397 2759 431 2803 2)
463 2759 699 2804 gravissimas
735 2760 1013 2805 Euripideae
1053 2760 1264 2807 tragoediae
1297 2763 1431 2807 partes,
1476 2773 1571 2806 quae
1607 2762 1745 2798 fuerint
1778 2764 1902 2799 nuntii

337 2812 493 2845 narratio
521 2814 556 2846 et
574 2813 767 2847 verborum
788 2815 1017 2857 concertatio,
1043 2814 1169 2850 deesse
1194 2814 1333 2860 Hygini
1358 2814 1505 2850 fabulae
1530 2815 1718 2859 praedicat
1735 2815 1902 2852 Wetntzel

336 2874 370 2906 p.
399 2867 454 2899 54.
