2106 3320
828 128 1126 171 ..47-

191 261 275 295 nn
296 254 432 306 Μ
448 240 559 291 inter
582 262 640 302 ea,
666 261 767 303 quae
799 248 986 302 Sophocli
1011 255 1052 291 et
1075 262 1178 304 quae
1204 249 1386 303 Euripidi
1412 247 1681 307 debeantur.¹)
1719 265 1767 292 ex

191 312 401 371 sophoclis
424 314 584 369 quidem
609 314 830 356 Alexandro
856 327 980 369 pauca
1006 321 1159 356 tantum
1186 315 1446 368 fragmentula
1472 322 1642 358 aetatem
1667 316 1770 358 tule-

190 385 301 435 mt,
329 380 444 435 plura
468 380 690 435 Euripidis3
724 382 844 421 etiam
875 382 917 421 in
945 380 1222 422 traditionibus
1247 381 1521 435 mythologicis
1546 394 1626 423 non
1652 383 1768 424 facile

193 444 448 499 ducemur,
466 446 563 500 quid
576 445 794 499 Sophoclis,
813 446 908 499 quid
930 446 1133 500 Euripidis
1154 442 1256 503 sit.¹)
1283 459 1358 487 nec
1382 459 1477 488 vero
1501 447 1627 489 ullum
1652 460 1771 502 argu·

191 517 391 565 mmm,
414 511 521 566 qnod
546 517 654 553 certe
680 511 861 565 Euripidi
887 512 1094 564 tribuitur,
1120 517 1330 566 propterea
1355 526 1377 553 a
1397 513 1590 566 Sophocle
1615 519 1678 554 est
1701 514 1771 555 ab·

191 576 461 620 indicandum.

253 641 335 684 Sed
351 642 427 684 alla
446 644 523 683 iam
543 655 622 695 res,
647 655 747 697 quae
768 648 1114 695 commemoretur,
1140 642 1257 697 digna
1277 649 1356 684 est:
1382 645 1422 696 ii,
1445 646 1514 697 qui
1533 644 1770 698 Sophoclem

192 706 385 751 umdou
418 709 650 749 relationem
685 708 914 749 adhibuisse
949 714 1107 761 negent,
1141 708 1312 750 rabulam
1347 711 1389 750 in
1415 709 1509 750 Hdti
1539 709 1641 751 libro
1665 710 1694 752 1.
1721 710 1772 752 de

193 772 297 828 Cyro
321 773 575 815 adulescente
601 780 822 815 exstantem
848 775 1011 815 omnino
1036 786 1116 815 non
1142 787 1259 828 posse
1286 777 1508 828 comparari
1532 776 1774 829 profitentur

193 850 288 881 cum
311 838 467 880 Paridis
491 841 675 894 infantia3
709 853 784 893 qua
810 841 852 880 in
878 852 997 880 causa
1022 841 1221 893 imprimis
1246 841 1430 882 nituntur
1453 854 1500 882 eo
1526 847 1774 895 argumento,

195 904 303 960 qnod
321 904 433 946 Paris
458 905 507 946 ab
532 918 626 946 ursa
651 907 839 957 nutritur,
864 911 1001 946 contra
1021 905 1148 958 Cyrus
1173 907 1308 947 statim
1334 908 1528 959 recipitur
1552 919 1573 947 a
1599 909 1802 960 pastoris-

193 982 331 1024 uxore,
355 972 422 1012 cui
446 983 590 1012 nomen
616 977 701 1012 erat
726 969 895 1012 Σπακώ
922 972 1005 1011 sive
1034 967 1220 1027 Κυνώ..)
1247 978 1418 1012 attamen
1439 972 1662 1013 Herodotus
1686 974 1774 1026 ipse

195 1046 241 1078 se
273 1048 395 1077 unam
429 1041 582 1077 tantum
620 1037 771 1077 reterre
797 1035 1050 1076 traditionem
1086 1048 1132 1076 ex
1160 1042 1359 1089 quattuor,
1394 1050 1493 1090 quas
1517 1037 1776 1091 indagaverit,

195 1101 420 1154 confltetur,
457 1107 575 1155 atque
610 1114 710 1154 eam,
743 1113 845 1154 quae
870 1100 949 1141 sibi
974 1100 1155 1142 videatur
1189 1102 1489 1143 verisimillima.
1528 1104 1660 1156 itaque
1695 1105 1774 1144 iam

196 1165 347 1208 dudum
372 1166 657 1208 intellexerunt
681 1168 758 1207 viri
784 1166 890 1207 docti
916 1162 1044 1221 (velut
1068 1166 1196 1207 Maass
1222 1180 1259 1220 p.
1282 1165 1306 1206 7
1328 1164 1380 1223 s.)
1408 1167 1554 1209 Hdtum
1581 1168 1775 1222 praehere

193 1233 404 1287 pristinam
418 1232 588 1273 fabulam
603 1234 746 1273 rationi
760 1232 954 1273 humanae
968 1232 1321 1287 accommodatam3
1346 1234 1461 1274 cuius
1479 1235 1628 1287 prioris
1646 1235 1775 1275 ramae

194 1298 360 1351 vestigia
390 1298 555 1351 legenda
588 1311 677 1339 esse
708 1299 750 1338 in
782 1299 942 1338 nomine
970 1296 1105 1338 Κυνώ
1137 1303 1178 1338 et
1208 1299 1336 1351 capite
1361 1297 1445 1339 122
1478 1296 1557 1353 (ὡς
1580 1321 1628 1328 -
1652 1298 1777 1341 κύων

196 1358 442 1419 ἐξέθρεψε).
480 1376 554 1404 nec
579 1365 726 1404 mirum
752 1369 825 1415 est,
859 1362 965 1416 quod
990 1363 1207 1403 historicus
1233 1364 1418 1404 omnibus
1444 1366 1690 1417 argumentis
1715 1367 1776 1406 in·

197 1428 459 1471 credibilibus
484 1429 659 1469 exclusis
678 1442 701 1470 e
721 1434 910 1482 quattuor
933 1428 1112 1469 historiis
1138 1431 1354 1482 compertis
1374 1429 1493 1483 elegit
1512 1430 1635 1471 solam
1654 1444 1776 1472 unam

198 1493 277 1536 sibi
294 1493 552 1548 probabilem.
579 1507 709 1548 neque
728 1507 823 1535 vero
842 1494 918 1535 hoc
937 1506 1029 1534 eum
1048 1496 1176 1547 potuit
1195 1494 1403 1548 impedire,
1422 1498 1637 1548 quominus
1656 1509 1777 1549 qnae·

199 1571 372 1613 cumque
398 1561 615 1612 invenerat,
640 1573 731 1601 cum
758 1561 897 1600 amicis
922 1566 963 1600 et
987 1561 1200 1613 praecipue
1227 1573 1318 1600 cnm
1338 1560 1531 1614 Sophocle
1552 1561 1777 1602 familiaris-

197 1625 301 1667 simo
326 1637 401 1679 per
417 1624 658 1678 colloquium
685 1626 1015 1666 communicaret:
1040 1627 1232 1666 nimirum
1252 1626 1468 1679 Sophocles
1490 1639 1563 1668 suo
1583 1627 1777 1668 arbitratu

198 1702 280 1732 non
305 1690 427 1744 elegit
452 1690 625 1731 tabulam
651 1691 700 1732 ad
726 1692 921 1732 rationem
947 1690 1219 1732 adulteratam.

259 1754 332 1797 nis
366 1755 487 1797 rebus
520 1758 791 1810 praemonitis,
825 1756 980 1810 singula
1015 1756 1168 1797 fabulae
1203 1763 1435 1810 argumenta
1470 1764 1653 1799 accurate
1684 1765 1779 1800 sunt

199 1821 460 1875 inspicienda.
474 1835 520 1863 ac
534 1823 708 1876 primum
723 1821 884 1876 quidem
900 1821 948 1863 de
962 1821 1146 1863 Hecubae
1161 1825 1315 1863 somnio
1330 1823 1606 1865 tractabimus:
1619 1824 1779 1878 quando

199 1886 401 1940 acciderit,
435 1887 531 1941 qnid
556 1889 684 1928 visum
710 1889 783 1942 sit3
817 1889 886 1941 qui
921 1888 1070 1928 suerint
1101 1890 1359 1940 coniectores,
1397 1889 1494 1942 quid
1520 1891 1769 1931 coniecerint

198 1952 396 2007 quomodo
420 1959 606 2007 parentes
630 1954 848 1994 averterint
871 1953 1018 1994 matum
1042 1955 1208 1994 instans.

259 2016 316 2059 De
339 2019 424 2059 viso
458 2018 620 2059 horrido
652 2018 757 2072 quod
781 2019 949 2060 offertur
973 2020 1090 2060 matri
1114 2015 1458 2075 praegnanti,⁴)
1494 2019 1707 2073 Euripides
1734 2022 1776 2061 in

197 2081 340 2125 Troad.
359 2096 393 2125 v.
413 2081 500 2125 922
519 2084 681 2125 exhibet
704 2083 846 2126 δαλοῦ
869 2083 1033 2138 πικρὸν
1049 2084 1233 2138 μίμημα,
1259 2084 1363 2138 quod
1390 2084 1540 2138 lignum
1566 2085 1683 2126 nobis
1708 2099 1773 2126 oc·

199 2150 327 2190 wrrit
357 2150 475 2191 etiam
507 2149 612 2203 apud
637 2150 928 2203 Apollodorum,
960 2151 1029 2202 qui
1060 2156 1196 2190 narrat
1220 2150 1271 2190 111
1301 2148 1404 2190 148:
1438 2145 1591 2199 ἔδοξεν
1612 2147 1775 2205 Ἑκάβη

198 2287 291 2325 h'm
314 2287 363 2324 ab
387 2287 573 2325 Herodoto
599 2291 794 2332 narratam,
829 2290 907 2324 tum
942 2288 1090 2324 fabulae
1123 2288 1364 2324 mutationem
1395 2289 1515 2333 magis
1541 2289 1775 2325 tribuendam

201 2351 282 2378 ecee
300 2340 486 2387 Sophocli,
511 2342 651 2388 quippe
677 2342 742 2387 qui
769 2342 954 2378 artissima
979 2354 1062 2377 cum
1082 2342 1268 2378 Herodoto
1290 2342 1541 2378 familiaritate
1561 2343 1781 2379 coniunctus

202 2393 287 2430 atii·
311 2405 462 2441 quoque
485 2395 577 2432 loci·
603 2396 703 2432 illius
728 2396 842 2431 libros
868 2396 907 2431 in
933 2407 1041 2442 auum
1068 2407 1176 2431 nsum
1201 2396 1359 2431 verterit.

265 2449 300 2494 1)
324 2448 398 2484 nini
423 2449 515 2486 torto
540 2461 648 2485 nuum
675 2450 823 2495 utrique
847 2450 1008 2486 tribuero
1040 2460 1215 2496 cogemur
1241 2450 1495 2494 repugnantiis
1521 2451 1586 2485 aut
1610 2449 1780 2486 differen-

203 2499 267 2536 tit·
291 2500 338 2538 de
361 2501 501 2539 eisdem
526 2503 635 2540 rebus
654 2503 809 2539 tuditis.

264 2555 301 2598 2)
318 2564 544 2600 quanqum
563 2567 662 2592 nuuc
680 2557 754 2593 ism
775 2567 1105 2593 commemoramus
1124 2556 1264 2602 Hygini
1285 2556 1412 2592 sabula
1431 2556 1626 2593 nonnullas
1647 2557 1782 2593 discre-

205 2606 363 2653 pantia.
376 2618 472 2653 quse
480 2619 555 2645 uon
566 2611 787 2646 conveniant
797 2622 880 2646 cum
892 2610 991 2645 fama
1001 2610 1212 2656 Euripides,
1227 2610 1395 2655 praeberi
1404 2610 1462 2656 (cf.
1473 2610 1638 2647 Wentzel
1652 2622 1687 2656 p.
1700 2615 1743 2645 53
1752 2623 1782 2646 s.

205 2658 334 2706 Degen
359 2672 395 2707 p.
415 2663 487 2707 2⁸).
520 2662 573 2700 ita
603 2666 644 2699 ut
667 2665 790 2710 potius
816 2663 1010 2709 Sophoclis
1036 2676 1147 2709 quam
1175 2664 1365 2710 Euripidis
1390 2664 1581 2710 tragoedia
1605 2664 1781 2700 constitn-

205 2713 303 2750 ends
326 2714 494 2751 vide-eur
517 2715 598 2752 fone
623 2716 762 2763 Hygini
787 2717 997 2764 primarius.

267 2769 304 2812 8)
329 2767 374 2803 cf.
401 2767 442 2804 E.
461 2768 593 2813 Hace.
618 2780 749 2807 comm.
769 2771 952 2817 mythogr.
973 2771 988 2806 1
1017 2774 1107 2806 1886
1133 2782 1169 2816 p.
1190 2775 1295 2806 8-9.

207 2875 245 2909 κ
266 2821 304 2866 4)
316 2822 677 2920 ἑὲροέζέιᾼσὲμςὶ
704 2824 932 2870 periculosus
957 2825 1182 2871 praedicitur
1208 2824 1328 2860 infan-
1348 2827 1383 2860 et
1402 2827 1486 2860 ante
1506 2824 1783 2870 conceptionem

268 2883 314 2909 an
524 2902 533 2911 .
