2106 3320
835 171 1130 215 -67-

193 304 308 339 -oeo
337 293 616 348 praebeantur,
648 300 779 335 tamen
813 293 965 335 debiles
996 299 1089 335 suut
1118 305 1185 346 eo,
1216 293 1322 347 quod
1358 299 1554 347 quatenus
1590 306 1637 334 ex
1677 293 1770 335 lldti

194 359 376 404 Μ
406 361 490 401 slve
521 371 595 414 per
626 360 779 401 litteras
817 361 899 400 sive
931 371 1005 413 per
1035 359 1274 412 colloquium
1307 361 1348 400 in
1373 360 1514 412 tragici
1537 361 1772 401 memoriam

194 426 464 481 μάταιοι-ξω,
484 431 637 467 certum
658 425 707 466 ad
728 426 847 466 finem
865 426 927 465 vix
948 430 1080 478 potest
1098 424 1360 478 comprobari.
1384 425 1463 466 huc
1482 424 1646 478 aceedit,
1664 423 1771 479 quod

195 489 298 534 tales
320 493 555 543 auantiae,
581 492 731 546 quippe
758 503 859 545 quae
886 493 1024 544 paucis
1049 496 1203 531 tautum
1229 489 1411 531 versibus
1437 492 1724 544 contineantur,
1750 503 1772 531 ε

196 555 352 601 eduen
377 556 563 598 facillime
589 556 819 598 iudicantur
843 556 1103 609 interpolatae
1129 557 1164 597 si
1190 567 1270 596 non
1295 555 1411 597 aliam
1437 556 1487 597 ob
1512 569 1684 610 eausam,
1715 562 1773 597 ta-

197 634 291 664 nen
316 627 481 676 propter
505 628 632 663 artam
658 635 748 663 cum
770 622 883 663 libris
909 621 1047 663 Hdteis
1073 622 1316 662 affinitatem.
1348 623 1459 675 atqui
1483 621 1558 663 hoe
1582 622 1632 663 ab
1658 623 1774 663 initio

198 692 262 732 est
284 687 520 730 tenendum:
546 689 637 741 quis
664 693 725 728 est
750 689 819 741 qui
844 689 983 740 magis,
1008 693 1053 728 ut
1071 686 1167 727 Hdti
1190 686 1308 728 verba
1334 688 1421 741 ipse
1446 687 1596 741 reddat,
1619 686 1774 741 pellici·
1824 740 1826 742 Ι

199 757 300 806 atur,
324 754 405 795 nisi
431 753 765 795 familiarissimus
790 759 830 794 et
856 750 1061 807 aequalis?
1091 764 1221 806 neque
1246 764 1293 793 ex
1320 765 1446 806 aequo
1466 753 1687 794 litterarum
1706 764 1775 805 ge·

200 830 297 861 nm
322 823 526 860 mutuatus
546 824 608 859 est
627 822 776 870 auctor,
801 830 902 871 quae
928 830 994 858 res
1019 818 1151 870 magni
1177 819 1368 859 momenti
1388 823 1449 859 est
1467 818 1571 872 apud
1590 818 1775 871 Graecos,

201 889 242 926 et
265 883 369 925 valet
393 884 638 937 aliquantum
665 896 858 924 numerus
885 883 1173 936 exemplorum:
1198 895 1323 924 unum
1341 885 1474 924 vocari
1491 890 1624 937 potest
1641 885 1682 924 in
1702 882 1774 924 du·

201 949 325 1003 bium,
350 949 553 1003 complura
580 949 727 990 habent
752 949 871 990 fidem
897 961 1104 990 summam.
1136 960 1274 989 omnes
1293 961 1386 990 vero
1411 949 1452 989 hi
1478 949 1566 1002 loci,
1591 961 1693 1003 quos
1711 961 1776 990 ac·

201 1020 339 1057 eurate
364 1015 691 1068 contemplemur,
717 1014 827 1067 digni
852 1020 957 1055 suut.

255 1137 305 1175 A.
330 1134 403 1174 DE
428 1133 777 1174 MATRIMONIO
804 1134 908 1174 PER
933 1132 1181 1173 SOMNTUM
1208 1134 1318 1174 CUM
1343 1135 1528 1174 MATRE
1555 1134 1715 1175 INITO.

262 1209 345 1251 Hac
363 1222 522 1263 quoque
542 1211 584 1251 in
607 1210 899 1251 dissertationis
918 1215 1030 1263 parte
1049 1210 1223 1263 primum
1244 1210 1477 1251 exhibemus
1495 1210 1652 1264 aliquod
1673 1224 1777 1251 som·

203 1277 314 1319 nium
333 1276 376 1316 ln
395 1275 492 1316 Oed.
513 1274 608 1327 Reg.
630 1271 684 1330 (v.
705 1273 789 1316 981
808 1271 880 1331 ss.)
908 1276 1191 1328 significatum:
1216 1275 1368 1316 Iocasta
1394 1278 1499 1317 enim
1518 1283 1564 1317 ut
1581 1275 1777 1330 Oedipum

203 1341 391 1383 maritum
418 1353 466 1381 ex
493 1342 616 1393 omni,
641 1354 719 1394 quo
747 1347 939 1393 versetur,
965 1342 1107 1381 timore
1134 1342 1287 1394 eripiat,
1313 1354 1362 1381 ne
1388 1341 1607 1383 secundum
1633 1341 1779 1395 Apolli-

204 1407 269 1448 nis
292 1405 497 1447 oraculum
526 1407 686 1459 nuptias
714 1407 831 1447 saciat
856 1419 947 1447 cum
973 1419 1043 1446 sua
1069 1407 1197 1459 ipsius
1221 1412 1358 1459 matre,
1385 1407 1593 1448 exclamat:

492 1468 651 1513 πολλοὶ
684 1470 768 1525 γὰρ
795 1470 878 1525 ἥδη
904 1468 988 1512 κάν
1018 1469 1246 1525 ὀνείρασιν
1270 1471 1446 1525 βροτῶν

489 1533 623 1590 μητρὶ
651 1532 1039 1590 ξυνηυνάσθησαν.

206 1607 326 1656 atque
349 1601 454 1655 apud
479 1600 627 1642 Hdtum
662 1598 729 1655 (Vl
759 1598 864 1657 107)
891 1601 1054 1654 Hippias
1081 1614 1218 1643 revera
1243 1609 1358 1643 nocte
1383 1609 1593 1656 antequam
1619 1603 1781 1644 Atheni-

206 1679 324 1710 enses
349 1667 454 1721 apud
474 1666 745 1707 Marathonem
773 1668 978 1719 congressi
998 1674 1091 1708 sunt
1110 1681 1200 1708 cum
1220 1668 1365 1720 Persis,
1391 1668 1468 1709 sihi
1488 1668 1645 1709 videtur
1662 1671 1781 1710 matri

207 1730 522 1787 eonmbuisse.¹)
556 1745 600 1772 ac
628 1733 806 1785 profecto
830 1731 936 1772 haud
962 1745 1052 1773 raro
1072 1735 1251 1774 evenisse
1272 1733 1371 1774 tales
1391 1735 1544 1788 species
1554 1730 1601 1789 ²),
1627 1733 1780 1775 intelle-

208 1799 339 1851 gimus
362 1810 411 1839 ex
438 1796 677 1838 Artemidori
705 1794 1081 1853 inquisitionibus.³)
1120 1803 1291 1839 attamen
1317 1811 1338 1839 a
1364 1801 1561 1852 principio
1585 1801 1781 1852 tragicum

209 1865 251 1905 in
275 1865 408 1904 auimo
433 1862 620 1904 hahuisse
648 1867 802 1903 certum
829 1862 1026 1915 quendam
1052 1876 1188 1904 casum
1215 1864 1430 1905 verisimile
1456 1870 1528 1917 est,
1560 1866 1674 1905 cuius
1699 1876 1781 1905 me·

209 1930 376 1971 moriam
401 1928 507 1983 apud
526 1928 733 1969 audientes
752 1925 1044 1984 repetiverit⁴);
1072 1941 1156 1969 rem
1184 1930 1290 1969 enim
1310 1929 1489 1970 exhiberi
1508 1929 1693 1971 omnibus
1711 1941 1782 1970 no·

211 1994 407 2036 tissimam
440 1995 602 2036 maximi
638 2000 723 2034 erat
754 1995 962 2035 momenti:
993 1994 1062 2034 ubi
1093 2000 1251 2047 praesto
1277 2000 1363 2035 erat
1387 1994 1552 2048 Hippiae
1579 1994 1707 2036 fabula
1733 1995 1783 2035 al»

210 2058 314 2102 Edto
345 2059 464 2114 paulo
488 2066 580 2101 ante
605 2066 774 2100 narrata.
813 2071 864 2100 an
890 2059 1007 2113 Soph.
1034 2072 1081 2101 ex
1109 2062 1309 2100 communi
1334 2060 1636 2101 Atheniensium
1663 2060 1783 2101 tradi-

211 2126 319 2167 tione
345 2137 430 2167 rem
451 2125 613 2167 hausit?
650 2125 814 2178 Hippias
834 2124 995 2178 quidem
1022 2126 1133 2166 stetit
1158 2138 1178 2166 a
1198 2125 1407 2167 Persarum
1429 2125 1625 2178 partibus3
1651 2131 1784 2166 tamen

274 2230 307 2274 1)
331 2238 428 2274 quae
460 2228 611 2290 quidem
644 2229 783 2274 species
817 2240 839 2264 a
864 2227 1048 2264 veteribus
1075 2227 1304 2263 existimatur
1329 2227 1431 2262 felix:
1465 2228 1517 2262 sic
1542 2226 1697 2273 Hippias
1723 2240 1783 2264 su-

213 2281 376 2328 spic-eur
398 2282 558 2319 reditum
586 2283 624 2317 in
651 2282 821 2327 patriam,
848 2285 889 2317 ut
914 2282 962 2316 sit
980 2281 1178 2316 moriturus
1204 2280 1244 2316 ἐν
1270 2286 1313 2328 τῇ
1341 2280 1490 2317 ἑωυτοῦ.
1529 2284 1565 2317 et
1588 2281 1786 2318 Suetonius

212 2334 252 2371 in
277 2334 347 2371 Iuli
364 2334 538 2372 Caesaris
565 2336 642 2371 vitu
668 2338 775 2381 (e.'1)
800 2336 925 2371 refert:
963 2334 1078 2369 ‘visus
1104 2336 1182 2370 etat
1206 2345 1271 2379 per
1296 2334 1457 2379 quietem
1484 2338 1651 2381 stuprum
1675 2335 1784 2371 matri

214 2386 398 2430 intulisse3
429 2409 469 2415 —
498 2389 721 2425 coniectores
748 2389 795 2424 ad
823 2388 1092 2433 amplissimam
1119 2398 1221 2433 spem
1244 2387 1514 2425 incitaverunt&
1540 2388 1605 2424 ubi
1624 2398 1786 2425 asem

214 2438 306 2476 mihi
338 2440 447 2477 liceat
477 2441 527 2485 id,
563 2442 661 2486 quod
694 2442 799 2477 docet
825 2441 994 2483 Talmud,
1030 2441 1092 2486 qui
1130 2444 1280 2476 voeatur
1311 2441 1528 2477 Iudaeorum
1561 2442 1655 2478 liber
1684 2452 1787 2478 sacer

214 2491 288 2538 (Τι’.
314 2492 463 2530 Beraeh.
490 2495 589 2543 ⁸⁷0³
627 2495 689 2540 qui
724 2495 760 2530 in
794 2495 937 2530 somnio
963 2496 1115 2530 matrem
1148 2505 1214 2540 per
1247 2494 1381 2530 coitum
1415 2494 1530 2537 vitiet,
1563 2496 1595 2531 ei
1629 2495 1784 2531 indicari

215 2556 319 2592 spem
344 2546 557 2593 sapientiae.

274 2602 312 2644 2)
337 2610 495 2645 quarum
525 2602 750 2638 mentionem
783 2602 869 2638 feeit
902 2602 1013 2638 etiam
1045 2600 1148 2637 Plato
1180 2601 1349 2647 (reipubl.
1378 2601 1441 2637 vn
1469 2604 1567 2647 mn:
1605 2603 1690 2646 περὶ
1720 2601 1788 2639 τὸν

216 2652 339 2690 ὅπου
365 2672 408 2680 -—
434 2653 542 2700 μητρὶ
568 2654 766 2702 ἐπιχειρεῖν
791 2654 1030 2701 μείγνυσθαι,
1055 2654 1105 2696 ὥς
1129 2654 1260 2699 οἴεται,
1292 2654 1403 2692 οὐδὲν
1430 2654 1536 2692 ὄκνει
1565 2656 1622 2700 (cs.
1650 2655 1788 2697 Cicero,

217 2706 264 2742 de
288 2705 364 2743 div.
390 2705 404 2741 1
424 2709 494 2752 20).

276 2760 314 2805 ⁸)
338 2758 501 2797 θιὼ-ουτ.
527 2771 564 2806 p.
584 2764 651 2809 ⁶10,
679 2762 735 2798 ed.
762 2761 910 2798 Barcha
938 2762 958 2798 d
984 2762 1025 2798 δὲ
1051 2763 1136 2806 περὶ
1161 2762 1299 2807 μητρὸς
1323 2760 1430 2807 λόγος
1455 2760 1507 2798 ὢν
1531 2762 1699 2803 uetustos
1722 2764 1784 2798 καὶ

218 2812 427 2858 salomom
456 2813 522 2849 καὶ
552 2813 693 2860 πολλὴν
724 2813 988 2862 ἐπιδεχόμενος
1019 2814 1214 2859 διαίρεσιν,
1245 2816 1403 2857 πολλοὺς
1428 2822 1501 2851 τῶν
1526 2815 1790 2861 ὀνειοοιοκῶν

219 2864 415 2911 sodon-yn:
440 2877 586 2902 summa
610 2870 731 2904 autem
760 2879 878 2904 rerum
906 2871 961 2904 est
985 2869 1156 2904 secunda.

279 2919 318 2963 4)
343 2918 387 2955 d.
415 2919 456 2955 A.
477 2918 611 2961 echon.
638 2921 762 2966 Autig.
788 2932 951 2968 german.
979 2922 1078 2957 redd.
1105 2933 1140 2967 p.
1163 2925 1218 2957 88.

1460 2982 1504 3017 5·
