<?xml version="1.0" encoding="UTF-8"?>
<!DOCTYPE html PUBLIC "-//W3C//DTD XHTML 1.0 Transitional//EN"
    "http://www.w3.org/TR/xhtml1/DTD/xhtml1-transitional.dtd">
<html xmlns="http://www.w3.org/1999/xhtml" xml:lang="en" lang="en">
 <head>
  <title>
</title>
<meta http-equiv="Content-Type" content="text/html;charset=utf-8" />
  <meta name='ocr-system' content='tesseract 3.04.00' />
  <meta name='ocr-capabilities' content='ocr_page ocr_carea ocr_par ocr_line ocrx_word'/>
</head>
<body>
  <div class='ocr_page' id='page_1' title='image "./sophoclesquiddeb00rascuoft_0119.png"; bbox 0 0 2106 3320; ppageno 0'>
   <div class='ocr_carea' id='block_1_1' title="bbox 0 0 54 1031">
    <p class='ocr_par' dir='ltr' id='par_1_1' title="bbox 0 0 54 1031">
     <span class='ocr_line' id='line_1_1' title="bbox 0 0 54 1031; baseline 0 0"><span class='ocrx_word' id='word_1_1' title='bbox 0 0 54 1031; x_wconf 95' lang='lat' dir='ltr'><strong> </strong></span> 
     </span>
    </p>
   </div>
   <div class='ocr_carea' id='block_1_2' title="bbox 877 136 1202 180">
    <p class='ocr_par' dir='ltr' id='par_1_2' title="bbox 877 136 1202 180">
     <span class='ocr_line' id='line_1_2' title="bbox 877 136 1202 180; baseline 0 -13"><span class='ocrx_word' id='word_1_2' title='bbox 877 136 1202 180; x_wconf 81' lang='lat'>-109-</span> 
     </span>
    </p>
   </div>
   <div class='ocr_carea' id='block_1_3' title="bbox 244 253 1827 1230">
    <p class='ocr_par' dir='ltr' id='par_1_3' title="bbox 244 253 1827 1230">
     <span class='ocr_line' id='line_1_3' title="bbox 250 253 1827 314; baseline 0 -15"><span class='ocrx_word' id='word_1_3' title='bbox 250 262 414 313; x_wconf 56' lang='lat' dir='ltr'><strong>paster</strong></span> <span class='ocrx_word' id='word_1_4' title='bbox 437 257 535 298; x_wconf 80' lang='lat' dir='ltr'><strong>alios</strong></span> <span class='ocrx_word' id='word_1_5' title='bbox 545 253 580 314; x_wconf 89' lang='lat'><strong>¹)</strong></span> <span class='ocrx_word' id='word_1_6' title='bbox 606 257 787 299; x_wconf 88' lang='lat' dir='ltr'><strong>habitum</strong></span> <span class='ocrx_word' id='word_1_7' title='bbox 811 270 900 299; x_wconf 87' lang='lat' dir='ltr'><strong>esse</strong></span> <span class='ocrx_word' id='word_1_8' title='bbox 920 257 1132 311; x_wconf 83' lang='lat' dir='ltr'><strong>Cadmum3</strong></span> <span class='ocrx_word' id='word_1_9' title='bbox 1158 259 1194 299; x_wconf 89' lang='lat' dir='ltr'><strong>is</strong></span> <span class='ocrx_word' id='word_1_10' title='bbox 1219 263 1350 299; x_wconf 84' lang='lat' dir='ltr'><strong>autem</strong></span> <span class='ocrx_word' id='word_1_11' title='bbox 1372 270 1419 298; x_wconf 86' lang='lat' dir='ltr'><strong>ex</strong></span> <span class='ocrx_word' id='word_1_12' title='bbox 1450 258 1648 299; x_wconf 77' lang='lat' dir='ltr'><strong>Phoenice</strong></span> <span class='ocrx_word' id='word_1_13' title='bbox 1670 254 1827 314; x_wconf 81' lang='lat' dir='ltr'><strong>ortus²)</strong></span> 
     </span>
     <span class='ocr_line' id='line_1_4' title="bbox 250 319 1826 380; baseline 0 -16"><span class='ocrx_word' id='word_1_14' title='bbox 250 327 488 379; x_wconf 67' lang='lat' dir='ltr'><strong>apportasse</strong></span> <span class='ocrx_word' id='word_1_15' title='bbox 507 322 656 364; x_wconf 83' lang='lat' dir='ltr'><strong>dicitur</strong></span> <span class='ocrx_word' id='word_1_16' title='bbox 685 322 839 364; x_wconf 77' lang='lat' dir='ltr'><strong>litteras</strong></span> <span class='ocrx_word' id='word_1_17' title='bbox 871 319 1157 380; x_wconf 81' lang='lat' dir='ltr'><strong>Phoenicias.⁸)</strong></span> <span class='ocrx_word' id='word_1_18' title='bbox 1202 323 1278 364; x_wconf 85' lang='lat' dir='ltr'><strong>hoc</strong></span> <span class='ocrx_word' id='word_1_19' title='bbox 1308 324 1486 376; x_wconf 80' lang='lat' dir='ltr'><strong>profecto</strong></span> <span class='ocrx_word' id='word_1_20' title='bbox 1522 324 1706 377; x_wconf 88' lang='lat' dir='ltr'><strong>sequitur</strong></span> <span class='ocrx_word' id='word_1_21' title='bbox 1737 336 1826 364; x_wconf 89' lang='lat' dir='ltr'><strong>cum</strong></span> 
     </span>
     <span class='ocr_line' id='line_1_5' title="bbox 248 387 1826 446; baseline 0 -16"><span class='ocrx_word' id='word_1_22' title='bbox 248 387 355 430; x_wconf 79' lang='lat' dir='ltr'><strong>fflto</strong></span> <span class='ocrx_word' id='word_1_23' title='bbox 386 389 575 441; x_wconf 87' lang='lat' dir='ltr'><strong>coniungi</strong></span> <span class='ocrx_word' id='word_1_24' title='bbox 605 401 723 442; x_wconf 87' lang='lat' dir='ltr'><strong>posse</strong></span> <span class='ocrx_word' id='word_1_25' title='bbox 755 402 823 430; x_wconf 90' lang='lat' dir='ltr'><strong>eos</strong></span> <span class='ocrx_word' id='word_1_26' title='bbox 854 391 1086 442; x_wconf 79' lang='lat' dir='ltr'><strong>scriptores,</strong></span> <span class='ocrx_word' id='word_1_27' title='bbox 1117 390 1188 443; x_wconf 88' lang='lat' dir='ltr'><strong>qui</strong></span> <span class='ocrx_word' id='word_1_28' title='bbox 1212 389 1466 430; x_wconf 72' lang='lat' dir='ltr'><strong>Phoenicium</strong></span> <span class='ocrx_word' id='word_1_29' title='bbox 1491 390 1688 442; x_wconf 84' lang='lat' dir='ltr'><strong>originem</strong></span> <span class='ocrx_word' id='word_1_30' title='bbox 1717 391 1826 446; x_wconf 82' lang='lat' dir='ltr'><strong>artis,</strong></span> 
     </span>
     <span class='ocr_line' id='line_1_6' title="bbox 249 451 1825 509; baseline 0 -13"><span class='ocrx_word' id='word_1_31' title='bbox 249 465 330 496; x_wconf 85' lang='lat' dir='ltr'><strong>non</strong></span> <span class='ocrx_word' id='word_1_32' title='bbox 373 455 617 494; x_wconf 81' lang='lat' dir='ltr'><strong>invectorem</strong></span> <span class='ocrx_word' id='word_1_33' title='bbox 655 453 847 495; x_wconf 85' lang='lat' dir='ltr'><strong>Cadmum</strong></span> <span class='ocrx_word' id='word_1_34' title='bbox 892 451 1098 509; x_wconf 61' lang='lat' dir='ltr'><strong>tradanu)</strong></span> <span class='ocrx_word' id='word_1_35' title='bbox 1148 455 1270 495; x_wconf 90' lang='lat' dir='ltr'><strong>immo</strong></span> <span class='ocrx_word' id='word_1_36' title='bbox 1307 453 1495 495; x_wconf 83' lang='lat' dir='ltr'><strong>crederes</strong></span> <span class='ocrx_word' id='word_1_37' title='bbox 1533 453 1768 495; x_wconf 86' lang='lat' dir='ltr'><strong>vocabulum</strong></span> <span class='ocrx_word' id='word_1_38' title='bbox 1805 467 1825 496; x_wconf 83' lang='lat' dir='ltr'><strong>a</strong></span> 
     </span>
     <span class='ocr_line' id='line_1_7' title="bbox 249 518 1826 574; baseline 0.001 -14"><span class='ocrx_word' id='word_1_39' title='bbox 249 518 444 574; x_wconf 76' lang='lat' dir='ltr'><strong>Sophocle</strong></span> <span class='ocrx_word' id='word_1_40' title='bbox 471 518 693 560; x_wconf 85' lang='lat' dir='ltr'><strong>adhibitum</strong></span> <span class='ocrx_word' id='word_1_41' title='bbox 718 519 868 560; x_wconf 90' lang='lat' dir='ltr'><strong>nullius</strong></span> <span class='ocrx_word' id='word_1_42' title='bbox 893 532 982 560; x_wconf 89' lang='lat' dir='ltr'><strong>esse</strong></span> <span class='ocrx_word' id='word_1_43' title='bbox 1009 521 1220 560; x_wconf 80' lang='lat' dir='ltr'><strong>momenti:</strong></span> <span class='ocrx_word' id='word_1_44' title='bbox 1246 521 1312 560; x_wconf 91' lang='lat' dir='ltr'><strong>cui</strong></span> <span class='ocrx_word' id='word_1_45' title='bbox 1337 521 1515 573; x_wconf 88' lang='lat' dir='ltr'><strong>opinioni</strong></span> <span class='ocrx_word' id='word_1_46' title='bbox 1540 519 1669 560; x_wconf 80' lang='lat' dir='ltr'><strong>obstat</strong></span> <span class='ocrx_word' id='word_1_47' title='bbox 1693 521 1826 574; x_wconf 87' lang='lat' dir='ltr'><strong>ipsum</strong></span> 
     </span>
     <span class='ocr_line' id='line_1_8' title="bbox 245 584 1824 639; baseline 0 -12"><span class='ocrx_word' id='word_1_48' title='bbox 245 584 421 639; x_wconf 59' lang='lat' dir='ltr'><strong>nonem</strong></span> <span class='ocrx_word' id='word_1_49' title='bbox 435 586 730 637; x_wconf 64' lang='lat' dir='ltr'><strong>testimonium,</strong></span> <span class='ocrx_word' id='word_1_50' title='bbox 756 586 825 638; x_wconf 85' lang='lat' dir='ltr'><strong>qui</strong></span> <span class='ocrx_word' id='word_1_51' title='bbox 850 598 973 626; x_wconf 90' lang='lat' dir='ltr'><strong>unum</strong></span> <span class='ocrx_word' id='word_1_52' title='bbox 994 591 1197 627; x_wconf 80' lang='lat' dir='ltr'><strong>auctorem</strong></span> <span class='ocrx_word' id='word_1_53' title='bbox 1217 586 1324 625; x_wconf 79' lang='lat' dir='ltr'><strong>vocis</strong></span> <span class='ocrx_word' id='word_1_54' title='bbox 1343 586 1445 625; x_wconf 89' lang='lat' dir='ltr'><strong>sciat</strong></span> <span class='ocrx_word' id='word_1_55' title='bbox 1463 587 1672 638; x_wconf 89' lang='lat' dir='ltr'><strong>tragicum.</strong></span> <span class='ocrx_word' id='word_1_56' title='bbox 1707 598 1824 639; x_wconf 90' lang='lat' dir='ltr'><strong>quam</strong></span> 
     </span>
     <span class='ocr_line' id='line_1_9' title="bbox 246 650 1824 703; baseline 0 -11"><span class='ocrx_word' id='word_1_57' title='bbox 246 652 525 693; x_wconf 69' lang='lat' dir='ltr'><strong>anctoritatem</strong></span> <span class='ocrx_word' id='word_1_58' title='bbox 558 657 665 692; x_wconf 89' lang='lat' dir='ltr'><strong>recte</strong></span> <span class='ocrx_word' id='word_1_59' title='bbox 696 657 741 692; x_wconf 88' lang='lat' dir='ltr'><strong>ut</strong></span> <span class='ocrx_word' id='word_1_60' title='bbox 773 653 1047 703; x_wconf 84' lang='lat' dir='ltr'><strong>aestimemus,</strong></span> <span class='ocrx_word' id='word_1_61' title='bbox 1080 651 1143 691; x_wconf 90' lang='lat' dir='ltr'><strong>his</strong></span> <span class='ocrx_word' id='word_1_62' title='bbox 1175 651 1344 691; x_wconf 79' lang='lat' dir='ltr'><strong>sortasse</strong></span> <span class='ocrx_word' id='word_1_63' title='bbox 1377 650 1683 703; x_wconf 82' lang='lat' dir='ltr'><strong>cogitationibus</strong></span> <span class='ocrx_word' id='word_1_64' title='bbox 1715 650 1824 692; x_wconf 90' lang='lat' dir='ltr'><strong>adiu·</strong></span> 
     </span>
     <span class='ocr_line' id='line_1_10' title="bbox 245 716 1825 770; baseline 0.001 -13"><span class='ocrx_word' id='word_1_65' title='bbox 245 728 399 759; x_wconf 74' lang='lat' dir='ltr'><strong>vamur.</strong></span> <span class='ocrx_word' id='word_1_66' title='bbox 432 729 603 770; x_wconf 84' lang='lat' dir='ltr'><strong>namque</strong></span> <span class='ocrx_word' id='word_1_67' title='bbox 623 717 856 770; x_wconf 88' lang='grc' dir='ltr'><strong><em>φοινικήια</em></strong></span> <span class='ocrx_word' id='word_1_68' title='bbox 877 730 1014 757; x_wconf 86' lang='lat' dir='ltr'><strong>revera</strong></span> <span class='ocrx_word' id='word_1_69' title='bbox 1033 722 1197 770; x_wconf 85' lang='lat' dir='ltr'><strong>apparet</strong></span> <span class='ocrx_word' id='word_1_70' title='bbox 1215 729 1304 757; x_wconf 79' lang='lat' dir='ltr'><strong>esse</strong></span> <span class='ocrx_word' id='word_1_71' title='bbox 1323 716 1494 768; x_wconf 83' lang='lat' dir='ltr'><strong>glossam</strong></span> <span class='ocrx_word' id='word_1_72' title='bbox 1514 716 1699 770; x_wconf 78' lang='lat' dir='ltr'><strong>ionicam,</strong></span> <span class='ocrx_word' id='word_1_73' title='bbox 1725 730 1825 770; x_wconf 87' lang='lat' dir='ltr'><strong>quae</strong></span> 
     </span>
     <span class='ocr_line' id='line_1_11' title="bbox 246 778 1825 837; baseline 0 -15"><span class='ocrx_word' id='word_1_74' title='bbox 246 781 440 837; x_wconf 83' lang='lat' dir='ltr'><strong>probatur</strong></span> <span class='ocrx_word' id='word_1_75' title='bbox 458 781 592 823; x_wconf 86' lang='lat' dir='ltr'><strong>verbis</strong></span> <span class='ocrx_word' id='word_1_76' title='bbox 618 781 711 822; x_wconf 84' lang='lat' dir='ltr'><strong>Hdti</strong></span> <span class='ocrx_word' id='word_1_77' title='bbox 721 778 756 836; x_wconf 78' lang='lat'><strong>⁵)</strong></span> <span class='ocrx_word' id='word_1_78' title='bbox 782 782 974 835; x_wconf 88' lang='lat' dir='ltr'><strong>Photique</strong></span> <span class='ocrx_word' id='word_1_79' title='bbox 1000 778 1236 837; x_wconf 81' lang='lat' dir='ltr'><strong>(simillimis</strong></span> <span class='ocrx_word' id='word_1_80' title='bbox 1261 779 1454 836; x_wconf 79' lang='lat' dir='ltr'><strong>Hesychi)</strong></span> <span class='ocrx_word' id='word_1_81' title='bbox 1480 787 1520 822; x_wconf 87' lang='lat' dir='ltr'><strong>et</strong></span> <span class='ocrx_word' id='word_1_82' title='bbox 1545 784 1630 835; x_wconf 88' lang='lat' dir='ltr'><strong>ipsa</strong></span> <span class='ocrx_word' id='word_1_83' title='bbox 1656 784 1825 836; x_wconf 88' lang='lat' dir='ltr'><strong>inscrip-</strong></span> 
     </span>
     <span class='ocr_line' id='line_1_12' title="bbox 246 846 1824 902; baseline 0 -13"><span class='ocrx_word' id='word_1_84' title='bbox 246 849 357 890; x_wconf 82' lang='lat' dir='ltr'><strong>tione</strong></span> <span class='ocrx_word' id='word_1_85' title='bbox 381 847 571 889; x_wconf 85' lang='lat' dir='ltr'><strong>Teiorum</strong></span> <span class='ocrx_word' id='word_1_86' title='bbox 596 848 834 889; x_wconf 88' lang='lat' dir='ltr'><strong>lonicorum.</strong></span> <span class='ocrx_word' id='word_1_87' title='bbox 873 848 978 901; x_wconf 90' lang='lat' dir='ltr'><strong>quod</strong></span> <span class='ocrx_word' id='word_1_88' title='bbox 1003 860 1098 889; x_wconf 86' lang='lat' dir='ltr'><strong>vero</strong></span> <span class='ocrx_word' id='word_1_89' title='bbox 1124 847 1252 888; x_wconf 84' lang='lat' dir='ltr'><strong>lldtus</strong></span> <span class='ocrx_word' id='word_1_90' title='bbox 1283 847 1389 888; x_wconf 91' lang='lat' dir='ltr'><strong>nude</strong></span> <span class='ocrx_word' id='word_1_91' title='bbox 1421 848 1550 901; x_wconf 88' lang='lat' dir='ltr'><strong>pouit:</strong></span> <span class='ocrx_word' id='word_1_92' title='bbox 1584 846 1824 902; x_wconf 79' lang='grc' dir='ltr'><strong><em>χρεώμενοι</em></strong></span> 
     </span>
     <span class='ocr_line' id='line_1_13' title="bbox 244 910 1825 968; baseline 0 -13"><span class='ocrx_word' id='word_1_93' title='bbox 244 910 753 968; x_wconf 67' lang='grc' dir='ltr'><strong><em>ἐφάτισαν-Φοινικήια</em></strong></span> <span class='ocrx_word' id='word_1_94' title='bbox 777 914 1035 967; x_wconf 79' lang='grc' dir='ltr'><strong><em>κεκλῆσθαι,</em></strong></span> <span class='ocrx_word' id='word_1_95' title='bbox 1061 916 1237 966; x_wconf 89' lang='lat' dir='ltr'><strong>itemque</strong></span> <span class='ocrx_word' id='word_1_96' title='bbox 1262 912 1474 954; x_wconf 82' lang='lat' dir='ltr'><strong>exhibetur</strong></span> <span class='ocrx_word' id='word_1_97' title='bbox 1498 914 1539 953; x_wconf 93' lang='lat' dir='ltr'><strong>in</strong></span> <span class='ocrx_word' id='word_1_98' title='bbox 1566 913 1698 954; x_wconf 82' lang='lat' dir='ltr'><strong>titulo:</strong></span> <span class='ocrx_word' id='word_1_99' title='bbox 1725 927 1825 968; x_wconf 88' lang='grc' dir='ltr'><strong><em>φοι-</em></strong></span> 
     </span>
     <span class='ocr_line' id='line_1_14' title="bbox 244 975 1825 1033; baseline 0 -13"><span class='ocrx_word' id='word_1_100' title='bbox 244 978 397 1033; x_wconf 75' lang='grc' dir='ltr'><strong><em>νικήια</em></strong></span> <span class='ocrx_word' id='word_1_101' title='bbox 421 975 618 1030; x_wconf 64' lang='grc' dir='ltr'><strong><em>ἐκκόψαι,</em></strong></span> <span class='ocrx_word' id='word_1_102' title='bbox 643 991 716 1019; x_wconf 81' lang='lat' dir='ltr'><strong>vox</strong></span> <span class='ocrx_word' id='word_1_103' title='bbox 742 978 942 1020; x_wconf 79' lang='lat' dir='ltr'><strong>indicatur</strong></span> <span class='ocrx_word' id='word_1_104' title='bbox 967 979 1105 1020; x_wconf 91' lang='lat' dir='ltr'><strong>eodem</strong></span> <span class='ocrx_word' id='word_1_105' title='bbox 1132 992 1254 1020; x_wconf 87' lang='lat' dir='ltr'><strong>sensu</strong></span> <span class='ocrx_word' id='word_1_106' title='bbox 1277 985 1470 1032; x_wconf 83' lang='lat' dir='ltr'><strong>usurpata</strong></span> <span class='ocrx_word' id='word_1_107' title='bbox 1494 992 1573 1032; x_wconf 87' lang='lat' dir='ltr'><strong>quo</strong></span> <span class='ocrx_word' id='word_1_108' title='bbox 1594 978 1825 1033; x_wconf 80' lang='grc' dir='ltr'><strong><em>γράμματα</em></strong></span> 
     </span>
     <span class='ocr_line' id='line_1_15' title="bbox 245 1038 1824 1099; baseline 0 -13"><span class='ocrx_word' id='word_1_109' title='bbox 245 1056 377 1099; x_wconf 83' lang='lat' dir='ltr'><strong>neque</strong></span> <span class='ocrx_word' id='word_1_110' title='bbox 407 1045 587 1098; x_wconf 87' lang='lat' dir='ltr'><strong>opposita</strong></span> <span class='ocrx_word' id='word_1_111' title='bbox 621 1044 723 1085; x_wconf 89' lang='lat' dir='ltr'><strong>alius</strong></span> <span class='ocrx_word' id='word_1_112' title='bbox 754 1038 913 1097; x_wconf 78' lang='lat' dir='ltr'><strong>generis</strong></span> <span class='ocrx_word' id='word_1_113' title='bbox 938 1045 1094 1086; x_wconf 89' lang='lat' dir='ltr'><strong>litteris.</strong></span> <span class='ocrx_word' id='word_1_114' title='bbox 1133 1045 1365 1099; x_wconf 84' lang='grc' dir='ltr'><strong><em>φοινικήια</em></strong></span> <span class='ocrx_word' id='word_1_115' title='bbox 1390 1046 1513 1098; x_wconf 84' lang='lat' dir='ltr'><strong>igitur</strong></span> <span class='ocrx_word' id='word_1_116' title='bbox 1537 1045 1824 1098; x_wconf 89' lang='lat' dir='ltr'><strong>intelleguntur</strong></span> 
     </span>
     <span class='ocr_line' id='line_1_16' title="bbox 244 1109 1823 1164; baseline 0.001 -13"><span class='ocrx_word' id='word_1_117' title='bbox 244 1111 358 1164; x_wconf 80' lang='lat' dir='ltr'><strong>signa</strong></span> <span class='ocrx_word' id='word_1_118' title='bbox 383 1122 406 1150; x_wconf 85' lang='lat' dir='ltr'><strong>a</strong></span> <span class='ocrx_word' id='word_1_119' title='bbox 430 1109 697 1151; x_wconf 86' lang='lat' dir='ltr'><strong>Phoenicibus</strong></span> <span class='ocrx_word' id='word_1_120' title='bbox 728 1109 884 1162; x_wconf 89' lang='lat' dir='ltr'><strong>tradita,</strong></span> <span class='ocrx_word' id='word_1_121' title='bbox 915 1117 960 1150; x_wconf 88' lang='lat' dir='ltr'><strong>ut</strong></span> <span class='ocrx_word' id='word_1_122' title='bbox 992 1123 1058 1151; x_wconf 88' lang='lat' dir='ltr'><strong>res</strong></span> <span class='ocrx_word' id='word_1_123' title='bbox 1089 1111 1339 1163; x_wconf 87' lang='lat' dir='ltr'><strong>significetur</strong></span> <span class='ocrx_word' id='word_1_124' title='bbox 1370 1123 1418 1151; x_wconf 88' lang='lat' dir='ltr'><strong>ex</strong></span> <span class='ocrx_word' id='word_1_125' title='bbox 1449 1112 1604 1163; x_wconf 84' lang='lat' dir='ltr'><strong>origine</strong></span> <span class='ocrx_word' id='word_1_126' title='bbox 1630 1123 1705 1151; x_wconf 91' lang='lat' dir='ltr'><strong>nec</strong></span> <span class='ocrx_word' id='word_1_127' title='bbox 1730 1124 1823 1164; x_wconf 86' lang='lat' dir='ltr'><strong>sup·</strong></span> 
     </span>
     <span class='ocr_line' id='line_1_17' title="bbox 244 1171 1822 1230; baseline 0 -13"><span class='ocrx_word' id='word_1_128' title='bbox 244 1175 436 1230; x_wconf 86' lang='lat' dir='ltr'><strong>plendum</strong></span> <span class='ocrx_word' id='word_1_129' title='bbox 468 1176 521 1216; x_wconf 88' lang='lat' dir='ltr'><strong>sit</strong></span> <span class='ocrx_word' id='word_1_130' title='bbox 565 1171 847 1230; x_wconf 49' lang='grc' dir='ltr'><strong><em>γράμματαθ)</em></strong></span> <span class='ocrx_word' id='word_1_131' title='bbox 898 1175 1114 1228; x_wconf 88' lang='lat' dir='ltr'><strong>eademque</strong></span> <span class='ocrx_word' id='word_1_132' title='bbox 1154 1178 1306 1216; x_wconf 89' lang='lat' dir='ltr'><strong>ratione</strong></span> <span class='ocrx_word' id='word_1_133' title='bbox 1344 1176 1613 1228; x_wconf 90' lang='lat' dir='ltr'><strong>intellegimus</strong></span> <span class='ocrx_word' id='word_1_134' title='bbox 1650 1176 1822 1228; x_wconf 90' lang='lat' dir='ltr'><strong>glossam</strong></span> 
     </span>
    </p>
   </div>
   <div class='ocr_carea' id='block_1_4' title="bbox 234 1283 1821 2941">
    <p class='ocr_par' dir='ltr' id='par_1_4' title="bbox 242 1283 1821 1384">
     <span class='ocr_line' id='line_1_18' title="bbox 304 1283 1821 1331; baseline -0.001 -10"><span class='ocrx_word' id='word_1_135' title='bbox 304 1286 340 1331; x_wconf 88' lang='lat'><strong>1)</strong></span> <span class='ocrx_word' id='word_1_136' title='bbox 365 1284 410 1320; x_wconf 75' lang='lat' dir='ltr'><strong>cf.</strong></span> <span class='ocrx_word' id='word_1_137' title='bbox 431 1283 561 1320; x_wconf 78' lang='lat' dir='ltr'><strong>Smto</strong></span> <span class='ocrx_word' id='word_1_138' title='bbox 587 1285 688 1329; x_wconf 85' lang='lat' dir='ltr'><strong>apud</strong></span> <span class='ocrx_word' id='word_1_139' title='bbox 712 1284 906 1330; x_wconf 74' lang='lat' dir='ltr'><strong>Pauly-W.</strong></span> <span class='ocrx_word' id='word_1_140' title='bbox 927 1296 955 1320; x_wconf 88' lang='lat' dir='ltr'><strong>s.</strong></span> <span class='ocrx_word' id='word_1_141' title='bbox 977 1284 1164 1330; x_wconf 81' lang='lat' dir='ltr'><strong>Alphabet</strong></span> <span class='ocrx_word' id='word_1_142' title='bbox 1187 1285 1312 1331; x_wconf 76' lang='lat'>(1894)</span> <span class='ocrx_word' id='word_1_143' title='bbox 1330 1297 1367 1331; x_wconf 87' lang='lat' dir='ltr'><strong>p.</strong></span> <span class='ocrx_word' id='word_1_144' title='bbox 1390 1289 1481 1321; x_wconf 77' lang='lat'>1612</span> <span class='ocrx_word' id='word_1_145' title='bbox 1502 1289 1548 1320; x_wconf 82' lang='lat'><strong>20</strong></span> <span class='ocrx_word' id='word_1_146' title='bbox 1568 1297 1634 1328; x_wconf 83' lang='lat' dir='ltr'><strong>ss.;</strong></span> <span class='ocrx_word' id='word_1_147' title='bbox 1663 1285 1821 1329; x_wconf 81' lang='lat' dir='ltr'><strong>Larfeld,</strong></span> 
     </span>
     <span class='ocr_line' id='line_1_19' title="bbox 242 1337 898 1384; baseline -0.002 -9"><span class='ocrx_word' id='word_1_148' title='bbox 242 1337 313 1375; x_wconf 79' lang='lat' dir='ltr'><strong>Hb.</strong></span> <span class='ocrx_word' id='word_1_149' title='bbox 333 1338 369 1374; x_wconf 79' lang='lat' dir='ltr'><strong>d.</strong></span> <span class='ocrx_word' id='word_1_150' title='bbox 389 1350 443 1384; x_wconf 81' lang='lat' dir='ltr'><strong>gr.</strong></span> <span class='ocrx_word' id='word_1_151' title='bbox 463 1338 590 1384; x_wconf 75' lang='lat' dir='ltr'><strong>Epigr.</strong></span> <span class='ocrx_word' id='word_1_152' title='bbox 611 1338 627 1373; x_wconf 93' lang='lat'>1</span> <span class='ocrx_word' id='word_1_153' title='bbox 647 1342 739 1375; x_wconf 77' lang='lat'><strong>1907</strong></span> <span class='ocrx_word' id='word_1_154' title='bbox 758 1350 795 1384; x_wconf 89' lang='lat' dir='ltr'><strong>p.</strong></span> <span class='ocrx_word' id='word_1_155' title='bbox 818 1342 898 1375; x_wconf 75' lang='lat'><strong>831.</strong></span> 
     </span>
    </p>

    <p class='ocr_par' dir='ltr' id='par_1_5' title="bbox 301 1391 1467 1439">
     <span class='ocr_line' id='line_1_20' title="bbox 301 1391 1467 1439; baseline 0.002 -12"><span class='ocrx_word' id='word_1_156' title='bbox 301 1393 339 1438; x_wconf 73' lang='lat'><strong>2)</strong></span> <span class='ocrx_word' id='word_1_157' title='bbox 363 1402 440 1437; x_wconf 81' lang='lat' dir='ltr'><strong>qua</strong></span> <span class='ocrx_word' id='word_1_158' title='bbox 465 1391 619 1437; x_wconf 88' lang='lat' dir='ltr'><strong>quidem</strong></span> <span class='ocrx_word' id='word_1_159' title='bbox 644 1393 690 1428; x_wconf 84' lang='lat' dir='ltr'><strong>de</strong></span> <span class='ocrx_word' id='word_1_160' title='bbox 716 1393 859 1438; x_wconf 84' lang='lat' dir='ltr'><strong>origine</strong></span> <span class='ocrx_word' id='word_1_161' title='bbox 883 1392 945 1428; x_wconf 86' lang='lat' dir='ltr'><strong>hic</strong></span> <span class='ocrx_word' id='word_1_162' title='bbox 970 1393 1168 1439; x_wconf 83' lang='lat' dir='ltr'><strong>diligenter</strong></span> <span class='ocrx_word' id='word_1_163' title='bbox 1192 1404 1301 1439; x_wconf 80' lang='lat' dir='ltr'><strong>agere</strong></span> <span class='ocrx_word' id='word_1_164' title='bbox 1326 1393 1467 1429; x_wconf 78' lang='lat' dir='ltr'><strong>omitto.</strong></span> 
     </span>
    </p>

    <p class='ocr_par' dir='ltr' id='par_1_6' title="bbox 241 1445 1821 1547">
     <span class='ocr_line' id='line_1_21' title="bbox 302 1445 1821 1495; baseline 0 -13"><span class='ocrx_word' id='word_1_165' title='bbox 302 1448 340 1492; x_wconf 77' lang='lat'><strong>8)</strong></span> <span class='ocrx_word' id='word_1_166' title='bbox 364 1445 419 1482; x_wconf 81' lang='lat' dir='ltr'><strong>sic</strong></span> <span class='ocrx_word' id='word_1_167' title='bbox 442 1446 591 1481; x_wconf 84' lang='lat' dir='ltr'><strong>disserit</strong></span> <span class='ocrx_word' id='word_1_168' title='bbox 614 1446 763 1482; x_wconf 76' lang='lat' dir='ltr'><strong>Tacitus</strong></span> <span class='ocrx_word' id='word_1_169' title='bbox 789 1447 935 1492; x_wconf 85' lang='lat' dir='ltr'><strong>(Annal.</strong></span> <span class='ocrx_word' id='word_1_170' title='bbox 958 1450 1070 1495; x_wconf 59' lang='lat'>11¹4):</span> <span class='ocrx_word' id='word_1_171' title='bbox 1098 1448 1214 1483; x_wconf 78' lang='lat' dir='ltr'><strong>‘fama</strong></span> <span class='ocrx_word' id='word_1_172' title='bbox 1237 1449 1293 1482; x_wconf 88' lang='lat' dir='ltr'><strong>est</strong></span> <span class='ocrx_word' id='word_1_173' title='bbox 1317 1447 1498 1482; x_wconf 83' lang='lat' dir='ltr'><strong>Cadmum</strong></span> <span class='ocrx_word' id='word_1_174' title='bbox 1523 1446 1639 1482; x_wconf 81' lang='lat' dir='ltr'><strong>classe</strong></span> <span class='ocrx_word' id='word_1_175' title='bbox 1665 1447 1821 1483; x_wconf 85' lang='lat' dir='ltr'><strong>Phoeni-</strong></span> 
     </span>
     <span class='ocr_line' id='line_1_22' title="bbox 241 1499 1820 1547; baseline -0.001 -10"><span class='ocrx_word' id='word_1_176' title='bbox 241 1511 328 1537; x_wconf 73' lang='lat' dir='ltr'><strong>cum</strong></span> <span class='ocrx_word' id='word_1_177' title='bbox 345 1503 492 1536; x_wconf 81' lang='lat' dir='ltr'><strong>vectum</strong></span> <span class='ocrx_word' id='word_1_178' title='bbox 515 1500 671 1535; x_wconf 85' lang='lat' dir='ltr'><strong>rudibus</strong></span> <span class='ocrx_word' id='word_1_179' title='bbox 697 1500 819 1535; x_wconf 84' lang='lat' dir='ltr'><strong>adhuc</strong></span> <span class='ocrx_word' id='word_1_180' title='bbox 838 1499 1062 1537; x_wconf 87' lang='lat' dir='ltr'><strong>Graecorum</strong></span> <span class='ocrx_word' id='word_1_181' title='bbox 1086 1500 1238 1547; x_wconf 89' lang='lat' dir='ltr'><strong>populis</strong></span> <span class='ocrx_word' id='word_1_182' title='bbox 1264 1501 1352 1535; x_wconf 84' lang='lat' dir='ltr'><strong>artis</strong></span> <span class='ocrx_word' id='word_1_183' title='bbox 1372 1500 1452 1534; x_wconf 89' lang='lat' dir='ltr'><strong>eius</strong></span> <span class='ocrx_word' id='word_1_184' title='bbox 1471 1502 1658 1535; x_wconf 75' lang='lat' dir='ltr'><strong>auctorem</strong></span> <span class='ocrx_word' id='word_1_185' title='bbox 1677 1500 1820 1536; x_wconf 85' lang='lat' dir='ltr'><strong>fuisse&#39;.</strong></span> 
     </span>
    </p>

    <p class='ocr_par' dir='ltr' id='par_1_7' title="bbox 238 1552 1821 1870">
     <span class='ocr_line' id='line_1_23' title="bbox 302 1552 1821 1601; baseline 0 -11"><span class='ocrx_word' id='word_1_186' title='bbox 302 1556 341 1600; x_wconf 76' lang='lat'><strong>4)</strong></span> <span class='ocrx_word' id='word_1_187' title='bbox 372 1554 475 1599; x_wconf 85' lang='lat' dir='ltr'><strong>quod</strong></span> <span class='ocrx_word' id='word_1_188' title='bbox 505 1555 618 1599; x_wconf 81' lang='lat' dir='ltr'><strong>negat</strong></span> <span class='ocrx_word' id='word_1_189' title='bbox 647 1552 686 1589; x_wconf 78' lang='lat' dir='ltr'><strong>F.</strong></span> <span class='ocrx_word' id='word_1_190' title='bbox 713 1554 756 1590; x_wconf 82' lang='lat' dir='ltr'><strong>A.</strong></span> <span class='ocrx_word' id='word_1_191' title='bbox 777 1553 884 1590; x_wconf 82' lang='lat' dir='ltr'><strong>Wolf</strong></span> <span class='ocrx_word' id='word_1_192' title='bbox 910 1554 1089 1601; x_wconf 85' lang='lat' dir='ltr'><strong>(prolegg.</strong></span> <span class='ocrx_word' id='word_1_193' title='bbox 1114 1555 1162 1590; x_wconf 80' lang='lat' dir='ltr'><strong>ad</strong></span> <span class='ocrx_word' id='word_1_194' title='bbox 1187 1554 1294 1590; x_wconf 85' lang='lat' dir='ltr'><strong>Hom.</strong></span> <span class='ocrx_word' id='word_1_195' title='bbox 1320 1565 1356 1599; x_wconf 90' lang='lat' dir='ltr'><strong>p.</strong></span> <span class='ocrx_word' id='word_1_196' title='bbox 1378 1554 1475 1600; x_wconf 72' lang='lat'><strong>⁶⁴10)</strong></span> <span class='ocrx_word' id='word_1_197' title='bbox 1506 1553 1667 1598; x_wconf 78' lang='lat' dir='ltr'><strong>Hesychi</strong></span> <span class='ocrx_word' id='word_1_198' title='bbox 1698 1554 1821 1590; x_wconf 83' lang='lat' dir='ltr'><strong>verbis</strong></span> 
     </span>
     <span class='ocr_line' id='line_1_24' title="bbox 241 1605 1820 1653; baseline -0.001 -9"><span class='ocrx_word' id='word_1_199' title='bbox 241 1607 522 1653; x_wconf 69' lang='lat' dir='ltr'><strong>insequentibus</strong></span> <span class='ocrx_word' id='word_1_200' title='bbox 547 1607 667 1642; x_wconf 87' lang='lat' dir='ltr'><strong>nisus:</strong></span> <span class='ocrx_word' id='word_1_201' title='bbox 697 1606 911 1644; x_wconf 71' lang='grc' dir='ltr'><strong><em>Φοινικκία·</em></strong></span> <span class='ocrx_word' id='word_1_202' title='bbox 939 1609 1059 1645; x_wconf 76' lang='grc' dir='ltr'><em>Λυδοὶ</em></span> <span class='ocrx_word' id='word_1_203' title='bbox 1086 1608 1150 1644; x_wconf 77' lang='grc' dir='ltr'><strong>καὶ</strong></span> <span class='ocrx_word' id='word_1_204' title='bbox 1162 1606 1290 1648; x_wconf 79' lang='grc' dir='ltr'><strong><em>Ἴωνες</em></strong></span> <span class='ocrx_word' id='word_1_205' title='bbox 1313 1605 1360 1642; x_wconf 80' lang='grc' dir='ltr'><strong>τὰ</strong></span> <span class='ocrx_word' id='word_1_206' title='bbox 1385 1606 1584 1653; x_wconf 77' lang='grc' dir='ltr'><strong><em>γράμματα</em></strong></span> <span class='ocrx_word' id='word_1_207' title='bbox 1609 1606 1685 1642; x_wconf 81' lang='grc' dir='ltr'><strong>ἀπὸ</strong></span> <span class='ocrx_word' id='word_1_208' title='bbox 1713 1606 1820 1643; x_wconf 76' lang='grc' dir='ltr'><strong><em>Φοί-</em></strong></span> 
     </span>
     <span class='ocr_line' id='line_1_25' title="bbox 241 1657 1819 1708; baseline -0.001 -10"><span class='ocrx_word' id='word_1_209' title='bbox 241 1660 370 1704; x_wconf 66' lang='grc' dir='ltr'><strong><em>νικός</em></strong></span> <span class='ocrx_word' id='word_1_210' title='bbox 399 1657 502 1702; x_wconf 68' lang='grc' dir='ltr'><strong><em>τίνος</em></strong></span> <span class='ocrx_word' id='word_1_211' title='bbox 532 1660 694 1707; x_wconf 72' lang='grc' dir='ltr'><strong>(ἔλαβον)</strong></span> <span class='ocrx_word' id='word_1_212' title='bbox 718 1660 933 1708; x_wconf 77' lang='grc' dir='ltr'><strong><em>[Φοινικήια</em></strong></span> <span class='ocrx_word' id='word_1_213' title='bbox 964 1662 1088 1706; x_wconf 70' lang='lat' dir='ltr'><strong>latere,</strong></span> <span class='ocrx_word' id='word_1_214' title='bbox 1120 1662 1219 1697; x_wconf 88' lang='lat' dir='ltr'><strong>unde</strong></span> <span class='ocrx_word' id='word_1_215' title='bbox 1250 1661 1435 1696; x_wconf 81' lang='lat' dir='ltr'><strong>aberravit</strong></span> <span class='ocrx_word' id='word_1_216' title='bbox 1465 1660 1591 1706; x_wconf 78' lang='lat' dir='ltr'><strong>glossa.</strong></span> <span class='ocrx_word' id='word_1_217' title='bbox 1619 1663 1688 1696; x_wconf 81' lang='grc'><strong>689</strong></span> <span class='ocrx_word' id='word_1_218' title='bbox 1722 1672 1819 1697; x_wconf 91' lang='lat' dir='ltr'><strong>com-</strong></span> 
     </span>
     <span class='ocr_line' id='line_1_26' title="bbox 238 1714 1819 1765; baseline -0.001 -13"><span class='ocrx_word' id='word_1_219' title='bbox 238 1715 375 1762; x_wconf 82' lang='lat' dir='ltr'><strong>probat</strong></span> <span class='ocrx_word' id='word_1_220' title='bbox 397 1714 451 1765; x_wconf 43' lang='lat' dir='ltr'><strong>M..</strong></span> <span class='ocrx_word' id='word_1_221' title='bbox 473 1714 641 1751; x_wconf 82' lang='lat' dir='ltr'><strong>Schmidt</strong></span> <span class='ocrx_word' id='word_1_222' title='bbox 665 1715 826 1759; x_wconf 76' lang='lat' dir='ltr'><strong>Hesychi</strong></span> <span class='ocrx_word' id='word_1_223' title='bbox 850 1715 993 1761; x_wconf 50' lang='lat' dir='ltr'><strong>editor}</strong></span> <span class='ocrx_word' id='word_1_224' title='bbox 1022 1716 1125 1760; x_wconf 81' lang='lat' dir='ltr'><strong>atqui</strong></span> <span class='ocrx_word' id='word_1_225' title='bbox 1151 1715 1425 1751; x_wconf 89' lang='lat' dir='ltr'><strong>Phoenicem</strong></span> <span class='ocrx_word' id='word_1_226' title='bbox 1448 1714 1614 1760; x_wconf 79' lang='lat' dir='ltr'><strong>neglexit</strong></span> <span class='ocrx_word' id='word_1_227' title='bbox 1638 1715 1819 1760; x_wconf 83' lang='lat' dir='ltr'><strong>Agenoris</strong></span> 
     </span>
     <span class='ocr_line' id='line_1_27' title="bbox 239 1767 1817 1815; baseline -0.001 -10"><span class='ocrx_word' id='word_1_228' title='bbox 239 1768 360 1805; x_wconf 82' lang='lat' dir='ltr'><strong>filium</strong></span> <span class='ocrx_word' id='word_1_229' title='bbox 379 1769 437 1814; x_wconf 77' lang='lat' dir='ltr'><strong>(ef.</strong></span> <span class='ocrx_word' id='word_1_230' title='bbox 457 1768 566 1804; x_wconf 86' lang='lat' dir='ltr'><strong>Photi</strong></span> <span class='ocrx_word' id='word_1_231' title='bbox 586 1768 654 1804; x_wconf 89' lang='lat' dir='ltr'><strong>lex.</strong></span> <span class='ocrx_word' id='word_1_232' title='bbox 677 1780 703 1804; x_wconf 91' lang='lat' dir='ltr'><strong>s.</strong></span> <span class='ocrx_word' id='word_1_233' title='bbox 727 1767 941 1815; x_wconf 70' lang='grc' dir='ltr'>Φοινικήια)</span> <span class='ocrx_word' id='word_1_234' title='bbox 960 1771 1071 1814; x_wconf 85' lang='lat' dir='ltr'><strong>atque</strong></span> <span class='ocrx_word' id='word_1_235' title='bbox 1091 1768 1244 1804; x_wconf 84' lang='lat' dir='ltr'><strong>Cadmi</strong></span> <span class='ocrx_word' id='word_1_236' title='bbox 1270 1769 1455 1804; x_wconf 80' lang='lat' dir='ltr'><strong>fratrem</strong></span> <span class='ocrx_word' id='word_1_237' title='bbox 1475 1769 1532 1813; x_wconf 82' lang='lat' dir='ltr'><strong>(cf.</strong></span> <span class='ocrx_word' id='word_1_238' title='bbox 1553 1768 1729 1804; x_wconf 75' lang='lat' dir='ltr'><strong>Roscheri</strong></span> <span class='ocrx_word' id='word_1_239' title='bbox 1748 1768 1817 1804; x_wconf 88' lang='lat' dir='ltr'><strong>lex.</strong></span> 
     </span>
     <span class='ocr_line' id='line_1_28' title="bbox 239 1822 1104 1870; baseline -0.002 -10"><span class='ocrx_word' id='word_1_240' title='bbox 239 1823 355 1869; x_wconf 75' lang='lat' dir='ltr'><strong>myth.</strong></span> <span class='ocrx_word' id='word_1_241' title='bbox 375 1835 403 1858; x_wconf 87' lang='lat' dir='ltr'><strong>s.</strong></span> <span class='ocrx_word' id='word_1_242' title='bbox 424 1834 482 1858; x_wconf 79' lang='lat' dir='ltr'><strong>vv.</strong></span> <span class='ocrx_word' id='word_1_243' title='bbox 502 1822 664 1858; x_wconf 81' lang='lat' dir='ltr'><strong>Kadmos</strong></span> <span class='ocrx_word' id='word_1_244' title='bbox 690 1825 728 1858; x_wconf 91' lang='lat' dir='ltr'><strong>et</strong></span> <span class='ocrx_word' id='word_1_245' title='bbox 751 1823 909 1859; x_wconf 87' lang='lat' dir='ltr'><strong>Phoinix</strong></span> <span class='ocrx_word' id='word_1_246' title='bbox 927 1835 964 1869; x_wconf 89' lang='lat' dir='ltr'><strong>p.</strong></span> <span class='ocrx_word' id='word_1_247' title='bbox 985 1824 1104 1870; x_wconf 74' lang='lat'>2401).</span> 
     </span>
    </p>

    <p class='ocr_par' dir='ltr' id='par_1_8' title="bbox 299 1873 1817 1924">
     <span class='ocr_line' id='line_1_29' title="bbox 299 1873 1817 1924; baseline -0.001 -12"><span class='ocrx_word' id='word_1_248' title='bbox 299 1878 338 1923; x_wconf 73' lang='grc' dir='ltr'><strong>ὅ)</strong></span> <span class='ocrx_word' id='word_1_249' title='bbox 345 1873 481 1919; x_wconf 64' lang='grc' dir='ltr'><strong><em>Ἴωνες,</em></strong></span> <span class='ocrx_word' id='word_1_250' title='bbox 495 1875 532 1913; x_wconf 78' lang='grc' dir='ltr'><strong>οἳ</strong></span> <span class='ocrx_word' id='word_1_251' title='bbox 544 1874 829 1923; x_wconf 67' lang='grc' dir='ltr'><strong>παραλαβόντες</strong></span> <span class='ocrx_word' id='word_1_252' title='bbox 838 1877 977 1924; x_wconf 78' lang='grc' dir='ltr'><strong><em>διδαχῇ</em></strong></span> <span class='ocrx_word' id='word_1_253' title='bbox 988 1877 1093 1920; x_wconf 79' lang='grc' dir='ltr'><strong><em>παρὰ</em></strong></span> <span class='ocrx_word' id='word_1_254' title='bbox 1103 1882 1178 1912; x_wconf 76' lang='grc' dir='ltr'><strong>τῶν</strong></span> <span class='ocrx_word' id='word_1_255' title='bbox 1190 1874 1379 1912; x_wconf 75' lang='grc' dir='ltr'><strong>Φοινίκων</strong></span> <span class='ocrx_word' id='word_1_256' title='bbox 1389 1875 1436 1911; x_wconf 81' lang='grc' dir='ltr'><strong>τὰ</strong></span> <span class='ocrx_word' id='word_1_257' title='bbox 1447 1874 1647 1922; x_wconf 75' lang='grc' dir='ltr'><strong><em>γράμματα</em></strong></span> <span class='ocrx_word' id='word_1_258' title='bbox 1656 1897 1699 1903; x_wconf 87' lang='lat'><strong>-—</strong></span> <span class='ocrx_word' id='word_1_259' title='bbox 1709 1897 1751 1902; x_wconf 89' lang='lat'>—</span> <span class='ocrx_word' id='word_1_260' title='bbox 1761 1897 1817 1911; x_wconf 91' lang='lat'><strong>—.</strong></span> 
     </span>
    </p>

    <p class='ocr_par' dir='ltr' id='par_1_9' title="bbox 234 1929 1819 2941">
     <span class='ocr_line' id='line_1_30' title="bbox 298 1929 1819 1977; baseline 0 -11"><span class='ocrx_word' id='word_1_261' title='bbox 298 1932 336 1977; x_wconf 73' lang='grc'><strong>6)</strong></span> <span class='ocrx_word' id='word_1_262' title='bbox 361 1930 401 1966; x_wconf 89' lang='lat' dir='ltr'><strong>id</strong></span> <span class='ocrx_word' id='word_1_263' title='bbox 432 1930 534 1976; x_wconf 89' lang='lat' dir='ltr'><strong>quod</strong></span> <span class='ocrx_word' id='word_1_264' title='bbox 564 1929 645 1965; x_wconf 83' lang='lat' dir='ltr'><strong>vult</strong></span> <span class='ocrx_word' id='word_1_265' title='bbox 676 1929 804 1966; x_wconf 84' lang='lat' dir='ltr'><strong>Diels</strong></span> <span class='ocrx_word' id='word_1_266' title='bbox 836 1930 1083 1975; x_wconf 82' lang='lat' dir='ltr'><strong>(Elementum</strong></span> <span class='ocrx_word' id='word_1_267' title='bbox 1116 1933 1209 1966; x_wconf 81' lang='grc'>1899</span> <span class='ocrx_word' id='word_1_268' title='bbox 1235 1942 1270 1975; x_wconf 90' lang='lat' dir='ltr'><strong>p.</strong></span> <span class='ocrx_word' id='word_1_269' title='bbox 1293 1933 1352 1977; x_wconf 72' lang='lat'><strong>58,</strong></span> <span class='ocrx_word' id='word_1_270' title='bbox 1382 1931 1419 1965; x_wconf 90' lang='lat' dir='ltr'><strong>et</strong></span> <span class='ocrx_word' id='word_1_271' title='bbox 1450 1929 1554 1965; x_wconf 87' lang='lat' dir='ltr'><strong>Neue</strong></span> <span class='ocrx_word' id='word_1_272' title='bbox 1580 1930 1637 1965; x_wconf 87' lang='lat' dir='ltr'><strong>Jb.</strong></span> <span class='ocrx_word' id='word_1_273' title='bbox 1660 1933 1704 1965; x_wconf 78' lang='lat'><strong>25</strong></span> <span class='ocrx_word' id='word_1_274' title='bbox 1727 1934 1819 1966; x_wconf 81' lang='grc'>1910</span> 
     </span>
     <span class='ocr_line' id='line_1_31' title="bbox 237 1981 1819 2031; baseline -0.003 -11"><span class='ocrx_word' id='word_1_275' title='bbox 237 1994 275 2030; x_wconf 83' lang='lat' dir='ltr'><strong>p.</strong></span> <span class='ocrx_word' id='word_1_276' title='bbox 297 1985 375 2031; x_wconf 58' lang='lat'>10¹)</span> <span class='ocrx_word' id='word_1_277' title='bbox 399 1993 484 2018; x_wconf 85' lang='lat' dir='ltr'><strong>cum</strong></span> <span class='ocrx_word' id='word_1_278' title='bbox 509 1983 615 2018; x_wconf 85' lang='lat' dir='ltr'><strong>dicit:</strong></span> <span class='ocrx_word' id='word_1_279' title='bbox 650 1983 733 2019; x_wconf 75' lang='lat' dir='ltr'><strong>‘der</strong></span> <span class='ocrx_word' id='word_1_280' title='bbox 750 1981 922 2028; x_wconf 87' lang='lat' dir='ltr'><strong>jouische</strong></span> <span class='ocrx_word' id='word_1_281' title='bbox 947 1983 1066 2019; x_wconf 78' lang='lat' dir='ltr'><strong>Name</strong></span> <span class='ocrx_word' id='word_1_282' title='bbox 1092 1984 1235 2019; x_wconf 87' lang='lat' dir='ltr'><strong>scheint</strong></span> <span class='ocrx_word' id='word_1_283' title='bbox 1259 1983 1501 2026; x_wconf 81' lang='lat' dir='ltr'><strong>auzudeuteu,</strong></span> <span class='ocrx_word' id='word_1_284' title='bbox 1527 1984 1597 2019; x_wconf 80' lang='lat' dir='ltr'><strong>dass</strong></span> <span class='ocrx_word' id='word_1_285' title='bbox 1622 1995 1709 2019; x_wconf 78' lang='lat' dir='ltr'><strong>man</strong></span> <span class='ocrx_word' id='word_1_286' title='bbox 1736 1984 1819 2020; x_wconf 85' lang='lat' dir='ltr'><strong>dort</strong></span> 
     </span>
     <span class='ocr_line' id='line_1_32' title="bbox 238 2036 1818 2083; baseline -0.001 -10"><span class='ocrx_word' id='word_1_287' title='bbox 238 2036 335 2073; x_wconf 73' lang='lat' dir='ltr'><strong>auch</strong></span> <span class='ocrx_word' id='word_1_288' title='bbox 357 2037 493 2072; x_wconf 81' lang='lat' dir='ltr'><strong>andere</strong></span> <span class='ocrx_word' id='word_1_289' title='bbox 517 2036 571 2072; x_wconf 76' lang='lat' dir='ltr'><strong>als</strong></span> <span class='ocrx_word' id='word_1_290' title='bbox 597 2036 659 2072; x_wconf 89' lang='lat' dir='ltr'><strong>die</strong></span> <span class='ocrx_word' id='word_1_291' title='bbox 683 2036 832 2073; x_wconf 75' lang='lat' dir='ltr'><strong>ubliche</strong></span> <span class='ocrx_word' id='word_1_292' title='bbox 851 2036 987 2073; x_wconf 77' lang='lat' dir='ltr'><strong>Schrist</strong></span> <span class='ocrx_word' id='word_1_293' title='bbox 1009 2038 1173 2073; x_wconf 82' lang='lat' dir='ltr'><strong>kannte&#39;.</strong></span> <span class='ocrx_word' id='word_1_294' title='bbox 1220 2037 1338 2072; x_wconf 84' lang='lat' dir='ltr'><strong>Hdtus</strong></span> <span class='ocrx_word' id='word_1_295' title='bbox 1365 2036 1517 2080; x_wconf 79' lang='lat' dir='ltr'><strong>scilicet,</strong></span> <span class='ocrx_word' id='word_1_296' title='bbox 1542 2039 1622 2072; x_wconf 88' lang='lat' dir='ltr'><strong>tum</strong></span> <span class='ocrx_word' id='word_1_297' title='bbox 1642 2038 1818 2083; x_wconf 88' lang='lat' dir='ltr'><strong>temporis</strong></span> 
     </span>
     <span class='ocr_line' id='line_1_33' title="bbox 238 2090 1817 2137; baseline -0.001 -10"><span class='ocrx_word' id='word_1_298' title='bbox 238 2092 419 2137; x_wconf 63' lang='lat' dir='ltr'><strong>quantum</strong></span> <span class='ocrx_word' id='word_1_299' title='bbox 442 2092 586 2136; x_wconf 70' lang='lat' dir='ltr'><strong>poterat</strong></span> <span class='ocrx_word' id='word_1_300' title='bbox 610 2090 821 2135; x_wconf 80' lang='lat' dir='ltr'><strong>diiudicari,</strong></span> <span class='ocrx_word' id='word_1_301' title='bbox 846 2091 900 2127; x_wconf 82' lang='lat' dir='ltr'><strong>eis</strong></span> <span class='ocrx_word' id='word_1_302' title='bbox 924 2090 1056 2127; x_wconf 83' lang='lat' dir='ltr'><strong>litteris</strong></span> <span class='ocrx_word' id='word_1_303' title='bbox 1081 2092 1181 2137; x_wconf 87' lang='lat' dir='ltr'><strong>apud</strong></span> <span class='ocrx_word' id='word_1_304' title='bbox 1208 2091 1367 2127; x_wconf 80' lang='lat' dir='ltr'><strong>Graecos</strong></span> <span class='ocrx_word' id='word_1_305' title='bbox 1392 2093 1547 2127; x_wconf 84' lang='lat' dir='ltr'><strong>testatur</strong></span> <span class='ocrx_word' id='word_1_306' title='bbox 1570 2091 1692 2127; x_wconf 78' lang='lat' dir='ltr'><strong>nullas</strong></span> <span class='ocrx_word' id='word_1_307' title='bbox 1717 2095 1817 2127; x_wconf 82' lang='lat' dir='ltr'><strong>ante-</strong></span> 
     </span>
     <span class='ocr_line' id='line_1_34' title="bbox 238 2143 1817 2192; baseline -0.001 -11"><span class='ocrx_word' id='word_1_308' title='bbox 238 2144 405 2188; x_wconf 78' lang='lat' dir='ltr'><strong>cessisse,</strong></span> <span class='ocrx_word' id='word_1_309' title='bbox 430 2143 553 2180; x_wconf 74' lang='lat' dir='ltr'><strong>nullas</strong></span> <span class='ocrx_word' id='word_1_310' title='bbox 573 2145 804 2188; x_wconf 80' lang='lat' dir='ltr'><strong>successisse,</strong></span> <span class='ocrx_word' id='word_1_311' title='bbox 829 2156 915 2180; x_wconf 87' lang='lat' dir='ltr'><strong>cum</strong></span> <span class='ocrx_word' id='word_1_312' title='bbox 934 2146 1112 2192; x_wconf 81' lang='grc' dir='ltr'><strong><em>Καδμήια</em></strong></span> <span class='ocrx_word' id='word_1_313' title='bbox 1134 2144 1332 2191; x_wconf 78' lang='grc' dir='ltr'><strong><em>γράμματα</em></strong></span> <span class='ocrx_word' id='word_1_314' title='bbox 1351 2145 1579 2180; x_wconf 85' lang='lat' dir='ltr'><strong>Phoenicum</strong></span> <span class='ocrx_word' id='word_1_315' title='bbox 1599 2145 1646 2180; x_wconf 90' lang='lat' dir='ltr'><strong>ab</strong></span> <span class='ocrx_word' id='word_1_316' title='bbox 1667 2145 1817 2181; x_wconf 91' lang='lat' dir='ltr'><strong>Ionibus</strong></span> 
     </span>
     <span class='ocr_line' id='line_1_35' title="bbox 236 2197 1818 2244; baseline 0 -9"><span class='ocrx_word' id='word_1_317' title='bbox 236 2199 385 2244; x_wconf 72' lang='lat' dir='ltr'><strong>recepte</strong></span> <span class='ocrx_word' id='word_1_318' title='bbox 407 2197 638 2244; x_wconf 82' lang='lat' dir='ltr'><strong>paulumque</strong></span> <span class='ocrx_word' id='word_1_319' title='bbox 662 2198 702 2233; x_wconf 89' lang='lat' dir='ltr'><strong>in</strong></span> <span class='ocrx_word' id='word_1_320' title='bbox 722 2199 888 2243; x_wconf 88' lang='lat' dir='ltr'><strong>ipsorum</strong></span> <span class='ocrx_word' id='word_1_321' title='bbox 907 2210 1016 2234; x_wconf 89' lang='lat' dir='ltr'><strong>usum</strong></span> <span class='ocrx_word' id='word_1_322' title='bbox 1036 2202 1178 2234; x_wconf 85' lang='lat' dir='ltr'><strong>mutata</strong></span> <span class='ocrx_word' id='word_1_323' title='bbox 1196 2198 1432 2244; x_wconf 83' lang='lat' dir='ltr'><strong>appellentur</strong></span> <span class='ocrx_word' id='word_1_324' title='bbox 1451 2198 1658 2244; x_wconf 74' lang='grc' dir='ltr'><strong><em>φοινικήια.</em></strong></span> <span class='ocrx_word' id='word_1_325' title='bbox 1704 2210 1818 2243; x_wconf 83' lang='lat' dir='ltr'><strong>quare</strong></span> 
     </span>
     <span class='ocr_line' id='line_1_36' title="bbox 237 2250 1816 2298; baseline -0.001 -9"><span class='ocrx_word' id='word_1_326' title='bbox 237 2250 417 2298; x_wconf 75' lang='grc' dir='ltr'><strong><em>Καδμήια</em></strong></span> <span class='ocrx_word' id='word_1_327' title='bbox 448 2251 646 2298; x_wconf 73' lang='grc' dir='ltr'><strong><em>γράμματα</em></strong></span> <span class='ocrx_word' id='word_1_328' title='bbox 677 2252 724 2287; x_wconf 85' lang='lat' dir='ltr'><strong>ab</strong></span> <span class='ocrx_word' id='word_1_329' title='bbox 750 2252 848 2288; x_wconf 77' lang='lat' dir='ltr'><strong>Hdto</strong></span> <span class='ocrx_word' id='word_1_330' title='bbox 880 2255 1118 2298; x_wconf 85' lang='lat' dir='ltr'><strong>opponuntur</strong></span> <span class='ocrx_word' id='word_1_331' title='bbox 1141 2263 1216 2288; x_wconf 87' lang='lat' dir='ltr'><strong>non</strong></span> <span class='ocrx_word' id='word_1_332' title='bbox 1242 2250 1459 2297; x_wconf 76' lang='grc' dir='ltr'><strong><em>φοινικίοις,</em></strong></span> <span class='ocrx_word' id='word_1_333' title='bbox 1491 2252 1556 2288; x_wconf 85' lang='lat' dir='ltr'><strong>sed</strong></span> <span class='ocrx_word' id='word_1_334' title='bbox 1581 2258 1678 2288; x_wconf 71' lang='grc' dir='ltr'><strong><em>τοῖσι</em></strong></span> <span class='ocrx_word' id='word_1_335' title='bbox 1699 2250 1816 2288; x_wconf 84' lang='grc' dir='ltr'><strong><em>Ἰωνι-</em></strong></span> 
     </span>
     <span class='ocr_line' id='line_1_37' title="bbox 236 2305 1817 2351; baseline -0.001 -9"><span class='ocrx_word' id='word_1_336' title='bbox 236 2312 347 2343; x_wconf 63' lang='grc' dir='ltr'><strong><em>κοῖσι.</em></strong></span> <span class='ocrx_word' id='word_1_337' title='bbox 391 2306 484 2351; x_wconf 82' lang='lat' dir='ltr'><strong>quid</strong></span> <span class='ocrx_word' id='word_1_338' title='bbox 501 2317 588 2342; x_wconf 79' lang='lat' dir='ltr'><strong>vero</strong></span> <span class='ocrx_word' id='word_1_339' title='bbox 615 2306 687 2341; x_wconf 90' lang='lat' dir='ltr'><strong>sibi</strong></span> <span class='ocrx_word' id='word_1_340' title='bbox 707 2305 787 2341; x_wconf 82' lang='lat' dir='ltr'><strong>vult</strong></span> <span class='ocrx_word' id='word_1_341' title='bbox 811 2307 911 2342; x_wconf 87' lang='lat' dir='ltr'><strong>istud</strong></span> <span class='ocrx_word' id='word_1_342' title='bbox 936 2306 1035 2342; x_wconf 82' lang='lat' dir='ltr'><strong>tituli</strong></span> <span class='ocrx_word' id='word_1_343' title='bbox 1056 2305 1288 2347; x_wconf 82' lang='lat' dir='ltr'><strong>vocabulum,</strong></span> <span class='ocrx_word' id='word_1_344' title='bbox 1315 2305 1417 2350; x_wconf 87' lang='lat' dir='ltr'><strong>quod</strong></span> <span class='ocrx_word' id='word_1_345' title='bbox 1436 2315 1502 2349; x_wconf 86' lang='lat' dir='ltr'><strong>pro</strong></span> <span class='ocrx_word' id='word_1_346' title='bbox 1525 2305 1688 2341; x_wconf 82' lang='lat' dir='ltr'><strong>dirarum</strong></span> <span class='ocrx_word' id='word_1_347' title='bbox 1709 2306 1817 2341; x_wconf 80' lang='lat' dir='ltr'><strong>ratio·</strong></span> 
     </span>
     <span class='ocr_line' id='line_1_38' title="bbox 237 2358 1817 2405; baseline -0.001 -10"><span class='ocrx_word' id='word_1_348' title='bbox 237 2359 348 2396; x_wconf 82' lang='lat' dir='ltr'><strong>nibus</strong></span> <span class='ocrx_word' id='word_1_349' title='bbox 373 2359 414 2395; x_wconf 82' lang='lat' dir='ltr'><strong>in</strong></span> <span class='ocrx_word' id='word_1_350' title='bbox 432 2362 590 2396; x_wconf 75' lang='lat' dir='ltr'><strong>aetatem</strong></span> <span class='ocrx_word' id='word_1_351' title='bbox 609 2362 750 2405; x_wconf 85' lang='lat' dir='ltr'><strong>spectat</strong></span> <span class='ocrx_word' id='word_1_352' title='bbox 768 2361 1016 2403; x_wconf 80' lang='lat' dir='ltr'><strong>vetustiorem,</strong></span> <span class='ocrx_word' id='word_1_353' title='bbox 1042 2372 1125 2395; x_wconf 91' lang='lat' dir='ltr'><strong>cum</strong></span> <span class='ocrx_word' id='word_1_354' title='bbox 1146 2360 1250 2405; x_wconf 86' lang='lat' dir='ltr'><strong>ipsae</strong></span> <span class='ocrx_word' id='word_1_355' title='bbox 1269 2358 1411 2394; x_wconf 87' lang='lat' dir='ltr'><strong>litterae</strong></span> <span class='ocrx_word' id='word_1_356' title='bbox 1430 2358 1525 2393; x_wconf 91' lang='lat' dir='ltr'><strong>nihil</strong></span> <span class='ocrx_word' id='word_1_357' title='bbox 1544 2358 1686 2404; x_wconf 87' lang='lat' dir='ltr'><strong>proprii</strong></span> <span class='ocrx_word' id='word_1_358' title='bbox 1705 2359 1817 2394; x_wconf 89' lang='lat' dir='ltr'><strong>habe-</strong></span> 
     </span>
     <span class='ocr_line' id='line_1_39' title="bbox 240 2412 1816 2459; baseline -0.001 -11"><span class='ocrx_word' id='word_1_359' title='bbox 240 2414 307 2449; x_wconf 72' lang='lat' dir='ltr'><strong>ant</strong></span> <span class='ocrx_word' id='word_1_360' title='bbox 334 2413 392 2458; x_wconf 87' lang='lat' dir='ltr'><strong>(ut</strong></span> <span class='ocrx_word' id='word_1_361' title='bbox 420 2412 460 2448; x_wconf 87' lang='lat' dir='ltr'><strong>in</strong></span> <span class='ocrx_word' id='word_1_362' title='bbox 492 2423 660 2449; x_wconf 83' lang='lat' dir='ltr'><strong>sermone</strong></span> <span class='ocrx_word' id='word_1_363' title='bbox 685 2413 881 2450; x_wconf 80' lang='lat' dir='ltr'><strong>vernaculo</strong></span> <span class='ocrx_word' id='word_1_364' title='bbox 913 2414 1117 2459; x_wconf 81' lang='lat' dir='ltr'><strong>antiquitus</strong></span> <span class='ocrx_word' id='word_1_365' title='bbox 1149 2415 1332 2449; x_wconf 82' lang='lat' dir='ltr'><strong>servatum</strong></span> <span class='ocrx_word' id='word_1_366' title='bbox 1358 2414 1414 2447; x_wconf 88' lang='lat' dir='ltr'><strong>est</strong></span> <span class='ocrx_word' id='word_1_367' title='bbox 1441 2412 1713 2458; x_wconf 77' lang='lat' dir='ltr'><strong>„buchstabe“)‚</strong></span> <span class='ocrx_word' id='word_1_368' title='bbox 1744 2413 1816 2448; x_wconf 85' lang='lat' dir='ltr'><strong>nisi</strong></span> 
     </span>
     <span class='ocr_line' id='line_1_40' title="bbox 236 2465 1816 2514; baseline -0.001 -11"><span class='ocrx_word' id='word_1_369' title='bbox 236 2477 386 2512; x_wconf 84' lang='lat' dir='ltr'><strong>prorsus</strong></span> <span class='ocrx_word' id='word_1_370' title='bbox 403 2466 505 2502; x_wconf 84' lang='lat' dir='ltr'><strong>idem</strong></span> <span class='ocrx_word' id='word_1_371' title='bbox 523 2467 709 2513; x_wconf 81' lang='lat' dir='ltr'><strong>siguificat</strong></span> <span class='ocrx_word' id='word_1_372' title='bbox 727 2468 826 2512; x_wconf 90' lang='lat' dir='ltr'><strong>quod</strong></span> <span class='ocrx_word' id='word_1_373' title='bbox 847 2467 1069 2514; x_wconf 66' lang='grc' dir='ltr'><strong><em>γράμματαῖ</em></strong></span> <span class='ocrx_word' id='word_1_374' title='bbox 1104 2466 1315 2511; x_wconf 87' lang='lat' dir='ltr'><strong>exemplum</strong></span> <span class='ocrx_word' id='word_1_375' title='bbox 1338 2465 1452 2511; x_wconf 83' lang='lat' dir='ltr'><strong>igitur</strong></span> <span class='ocrx_word' id='word_1_376' title='bbox 1472 2466 1752 2511; x_wconf 79' lang='lat' dir='ltr'><strong>significationis</strong></span> <span class='ocrx_word' id='word_1_377' title='bbox 1772 2478 1816 2502; x_wconf 85' lang='lat' dir='ltr'><strong>ex</strong></span> 
     </span>
     <span class='ocr_line' id='line_1_41' title="bbox 236 2519 1815 2566; baseline -0.001 -10"><span class='ocrx_word' id='word_1_378' title='bbox 236 2519 381 2566; x_wconf 76' lang='lat' dir='ltr'><strong>origine</strong></span> <span class='ocrx_word' id='word_1_379' title='bbox 399 2522 568 2565; x_wconf 81' lang='lat' dir='ltr'><strong>sumptae</strong></span> <span class='ocrx_word' id='word_1_380' title='bbox 586 2521 846 2566; x_wconf 80' lang='lat' dir='ltr'><strong>proferendum</strong></span> <span class='ocrx_word' id='word_1_381' title='bbox 866 2525 944 2557; x_wconf 85' lang='lat' dir='ltr'><strong>erat</strong></span> <span class='ocrx_word' id='word_1_382' title='bbox 962 2521 1144 2557; x_wconf 39' lang='lat' dir='ltr'><strong>asDielsio</strong></span> <span class='ocrx_word' id='word_1_383' title='bbox 1163 2532 1239 2556; x_wconf 87' lang='lat' dir='ltr'><strong>uon</strong></span> <span class='ocrx_word' id='word_1_384' title='bbox 1262 2520 1348 2565; x_wconf 85' lang='lat' dir='ltr'><strong>„das</strong></span> <span class='ocrx_word' id='word_1_385' title='bbox 1375 2519 1573 2564; x_wconf 77' lang='lat' dir='ltr'><strong>Bayrische</strong></span> <span class='ocrx_word' id='word_1_386' title='bbox 1598 2522 1660 2565; x_wconf 86' lang='lat' dir='ltr'><strong>(sc.</strong></span> <span class='ocrx_word' id='word_1_387' title='bbox 1682 2519 1815 2565; x_wconf 82' lang='lat' dir='ltr'><strong>Bier)“‚</strong></span> 
     </span>
     <span class='ocr_line' id='line_1_42' title="bbox 235 2573 1814 2620; baseline 0 -11"><span class='ocrx_word' id='word_1_388' title='bbox 235 2573 360 2620; x_wconf 70' lang='lat' dir='ltr'><strong>potius</strong></span> <span class='ocrx_word' id='word_1_389' title='bbox 382 2574 469 2619; x_wconf 84' lang='lat' dir='ltr'><strong>„der</strong></span> <span class='ocrx_word' id='word_1_390' title='bbox 486 2574 634 2610; x_wconf 77' lang='lat' dir='ltr'><strong>Tabak⁴⁴</strong></span> <span class='ocrx_word' id='word_1_391' title='bbox 658 2586 791 2611; x_wconf 91' lang='lat' dir='ltr'><strong>nomen</strong></span> <span class='ocrx_word' id='word_1_392' title='bbox 812 2578 932 2610; x_wconf 86' lang='lat' dir='ltr'><strong>ortum</strong></span> <span class='ocrx_word' id='word_1_393' title='bbox 954 2587 997 2610; x_wconf 87' lang='lat' dir='ltr'><strong>ex</strong></span> <span class='ocrx_word' id='word_1_394' title='bbox 1016 2575 1169 2620; x_wconf 83' lang='lat' dir='ltr'><strong>Tobago</strong></span> <span class='ocrx_word' id='word_1_395' title='bbox 1190 2573 1312 2609; x_wconf 88' lang='lat' dir='ltr'><strong>insula</strong></span> <span class='ocrx_word' id='word_1_396' title='bbox 1331 2573 1408 2608; x_wconf 87' lang='lat' dir='ltr'><strong>sive</strong></span> <span class='ocrx_word' id='word_1_397' title='bbox 1427 2573 1593 2609; x_wconf 83' lang='lat' dir='ltr'><strong>Tabasco</strong></span> <span class='ocrx_word' id='word_1_398' title='bbox 1613 2573 1814 2619; x_wconf 77' lang='lat' dir='ltr'><strong>provincia,</strong></span> 
     </span>
     <span class='ocr_line' id='line_1_43' title="bbox 235 2626 1813 2674; baseline 0.001 -12"><span class='ocrx_word' id='word_1_399' title='bbox 235 2627 296 2663; x_wconf 76' lang='lat' dir='ltr'><strong>vel</strong></span> <span class='ocrx_word' id='word_1_400' title='bbox 309 2627 395 2671; x_wconf 85' lang='lat' dir='ltr'><strong>„die</strong></span> <span class='ocrx_word' id='word_1_401' title='bbox 407 2626 600 2674; x_wconf 59' lang='lat' dir='ltr'><strong>Nogaihau</strong></span> <span class='ocrx_word' id='word_1_402' title='bbox 615 2629 753 2664; x_wconf 81' lang='lat' dir='ltr'><strong>scutica</strong></span> <span class='ocrx_word' id='word_1_403' title='bbox 766 2629 864 2664; x_wconf 81' lang='lat' dir='ltr'><strong>dicta</strong></span> <span class='ocrx_word' id='word_1_404' title='bbox 876 2629 923 2664; x_wconf 86' lang='lat' dir='ltr'><strong>ab</strong></span> <span class='ocrx_word' id='word_1_405' title='bbox 938 2629 1003 2671; x_wconf 76' lang='lat' dir='ltr'><strong>eis,</strong></span> <span class='ocrx_word' id='word_1_406' title='bbox 1018 2629 1082 2674; x_wconf 91' lang='lat' dir='ltr'><strong>qui</strong></span> <span class='ocrx_word' id='word_1_407' title='bbox 1097 2627 1331 2674; x_wconf 83' lang='lat' dir='ltr'><strong>appellantur</strong></span> <span class='ocrx_word' id='word_1_408' title='bbox 1338 2626 1611 2672; x_wconf 71' lang='lat' dir='ltr'><strong>Nognjtataren.</strong></span> <span class='ocrx_word' id='word_1_409' title='bbox 1639 2627 1813 2663; x_wconf 83' lang='lat' dir='ltr'><strong>itaWila-</strong></span> 
     </span>
     <span class='ocr_line' id='line_1_44' title="bbox 236 2680 1812 2728; baseline 0 -12"><span class='ocrx_word' id='word_1_410' title='bbox 236 2680 399 2724; x_wconf 63' lang='lat' dir='ltr'><strong>movit-z,</strong></span> <span class='ocrx_word' id='word_1_411' title='bbox 430 2691 514 2716; x_wconf 88' lang='lat' dir='ltr'><strong>cum</strong></span> <span class='ocrx_word' id='word_1_412' title='bbox 546 2682 698 2727; x_wconf 84' lang='lat' dir='ltr'><strong>exponit</strong></span> <span class='ocrx_word' id='word_1_413' title='bbox 728 2682 839 2727; x_wconf 88' lang='lat' dir='ltr'><strong>Soph.</strong></span> <span class='ocrx_word' id='word_1_414' title='bbox 866 2682 1002 2728; x_wconf 76' lang='lat' dir='ltr'><strong>Euryp.</strong></span> <span class='ocrx_word' id='word_1_415' title='bbox 1030 2682 1282 2727; x_wconf 74' lang='lat' dir='ltr'><strong>(Oxyrh.Pap.</strong></span> <span class='ocrx_word' id='word_1_416' title='bbox 1299 2680 1348 2716; x_wconf 89' lang='lat' dir='ltr'><strong>IX</strong></span> <span class='ocrx_word' id='word_1_417' title='bbox 1364 2684 1455 2716; x_wconf 79' lang='lat'>1⁹12</span> <span class='ocrx_word' id='word_1_418' title='bbox 1470 2692 1504 2726; x_wconf 89' lang='lat' dir='ltr'><strong>p.</strong></span> <span class='ocrx_word' id='word_1_419' title='bbox 1521 2683 1582 2726; x_wconf 83' lang='grc'><strong>97)</strong></span> <span class='ocrx_word' id='word_1_420' title='bbox 1594 2680 1736 2716; x_wconf 59' lang='lat' dir='ltr'><strong>susm</strong></span> <span class='ocrx_word' id='word_1_421' title='bbox 1753 2685 1812 2716; x_wconf 83' lang='lat'><strong>11:</strong></span> 
     </span>
     <span class='ocr_line' id='line_1_45' title="bbox 235 2732 1814 2780; baseline 0 -10"><span class='ocrx_word' id='word_1_422' title='bbox 235 2732 352 2779; x_wconf 69' lang='grc' dir='ltr'><strong><em>πολλὴ</em></strong></span> <span class='ocrx_word' id='word_1_423' title='bbox 377 2732 419 2769; x_wconf 73' lang='grc' dir='ltr'><strong>δὲ</strong></span> <span class='ocrx_word' id='word_1_424' title='bbox 445 2734 585 2771; x_wconf 66' lang='grc' dir='ltr'><strong><em>σινδὼν</em></strong></span> <span class='ocrx_word' id='word_1_425' title='bbox 609 2734 727 2771; x_wconf 72' lang='grc' dir='ltr'><strong><em>πολλὰ</em></strong></span> <span class='ocrx_word' id='word_1_426' title='bbox 754 2732 791 2771; x_wconf 80' lang='grc' dir='ltr'><strong>δ’</strong></span> <span class='ocrx_word' id='word_1_427' title='bbox 818 2732 1073 2779; x_wconf 71' lang='grc' dir='ltr'><strong><em>Ἰστριανίδων</em></strong></span> <span class='ocrx_word' id='word_1_428' title='bbox 1098 2734 1177 2780; x_wconf 74' lang='grc' dir='ltr'><strong>ὕφη</strong></span> <span class='ocrx_word' id='word_1_429' title='bbox 1203 2740 1406 2780; x_wconf 69' lang='grc' dir='ltr'><strong><em>γυναικῶν,</em></strong></span> <span class='ocrx_word' id='word_1_430' title='bbox 1433 2734 1593 2776; x_wconf 81' lang='lat' dir='ltr'><strong>exhibet,</strong></span> <span class='ocrx_word' id='word_1_431' title='bbox 1619 2737 1660 2770; x_wconf 82' lang='lat' dir='ltr'><strong>ut</strong></span> <span class='ocrx_word' id='word_1_432' title='bbox 1683 2737 1814 2780; x_wconf 79' lang='lat' dir='ltr'><strong>poetae</strong></span> 
     </span>
     <span class='ocr_line' id='line_1_46' title="bbox 234 2786 1813 2834; baseline 0.001 -12"><span class='ocrx_word' id='word_1_433' title='bbox 234 2786 441 2823; x_wconf 76' lang='lat' dir='ltr'><strong>libertatem</strong></span> <span class='ocrx_word' id='word_1_434' title='bbox 455 2790 603 2824; x_wconf 65' lang='lat' dir='ltr'><strong>neunt</strong></span> <span class='ocrx_word' id='word_1_435' title='bbox 614 2788 675 2833; x_wconf 75' lang='lat' dir='ltr'><strong>(N.</strong></span> <span class='ocrx_word' id='word_1_436' title='bbox 688 2788 746 2824; x_wconf 88' lang='lat' dir='ltr'><strong>Jb.</strong></span> <span class='ocrx_word' id='word_1_437' title='bbox 761 2791 806 2824; x_wconf 73' lang='lat'><strong>2⁹</strong></span> <span class='ocrx_word' id='word_1_438' title='bbox 824 2792 914 2824; x_wconf 71' lang='grc'>1912</span> <span class='ocrx_word' id='word_1_439' title='bbox 928 2801 963 2834; x_wconf 87' lang='lat' dir='ltr'><strong>p.</strong></span> <span class='ocrx_word' id='word_1_440' title='bbox 977 2791 1078 2833; x_wconf 75' lang='grc'>461);</span> <span class='ocrx_word' id='word_1_441' title='bbox 1095 2789 1156 2815; x_wconf 80' lang='lat'><strong>‘—</strong></span> <span class='ocrx_word' id='word_1_442' title='bbox 1170 2788 1254 2824; x_wconf 76' lang='lat' dir='ltr'><strong>weil</strong></span> <span class='ocrx_word' id='word_1_443' title='bbox 1269 2788 1330 2824; x_wconf 85' lang='lat' dir='ltr'><strong>die</strong></span> <span class='ocrx_word' id='word_1_444' title='bbox 1344 2788 1506 2823; x_wconf 85' lang='lat' dir='ltr'><strong>Athener</strong></span> <span class='ocrx_word' id='word_1_445' title='bbox 1519 2788 1578 2824; x_wconf 88' lang='lat' dir='ltr'><strong>eiu</strong></span> <span class='ocrx_word' id='word_1_446' title='bbox 1593 2788 1813 2834; x_wconf 70' lang='lat' dir='ltr'><strong>gefflpfeltes</strong></span> 
     </span>
     <span class='ocr_line' id='line_1_47' title="bbox 234 2839 1815 2888; baseline 0.002 -13"><span class='ocrx_word' id='word_1_447' title='bbox 234 2840 337 2886; x_wconf 66' lang='grc' dir='ltr'><strong>Ζευς</strong></span> <span class='ocrx_word' id='word_1_448' title='bbox 372 2839 545 2885; x_wconf 61' lang='lat' dir='ltr'><strong>{evomui</strong></span> <span class='ocrx_word' id='word_1_449' title='bbox 579 2844 742 2878; x_wconf 76' lang='lat' dir='ltr'><strong>nmteu</strong></span> <span class='ocrx_word' id='word_1_450' title='bbox 779 2843 857 2878; x_wconf 83' lang='lat' dir='ltr'><strong>und</strong></span> <span class='ocrx_word' id='word_1_451' title='bbox 894 2854 941 2878; x_wconf 84' lang='lat' dir='ltr'><strong>an</strong></span> <span class='ocrx_word' id='word_1_452' title='bbox 979 2842 1040 2878; x_wconf 88' lang='lat' dir='ltr'><strong>die</strong></span> <span class='ocrx_word' id='word_1_453' title='bbox 1078 2842 1262 2878; x_wconf 74' lang='lat' dir='ltr'><strong>Hei-kunst</strong></span> <span class='ocrx_word' id='word_1_454' title='bbox 1293 2842 1357 2878; x_wconf 91' lang='lat' dir='ltr'><strong>des</strong></span> <span class='ocrx_word' id='word_1_455' title='bbox 1383 2842 1529 2878; x_wconf 85' lang='lat' dir='ltr'><strong>Wortes</strong></span> <span class='ocrx_word' id='word_1_456' title='bbox 1555 2842 1815 2888; x_wconf 72' lang='lat' dir='ltr'><strong>ehensovenig</strong></span> 
     </span>
     <span class='ocr_line' id='line_1_48' title="bbox 235 2894 1811 2941; baseline 0.001 -11"><span class='ocrx_word' id='word_1_457' title='bbox 235 2894 391 2931; x_wconf 72' lang='lat' dir='ltr'><strong>dachteu</strong></span> <span class='ocrx_word' id='word_1_458' title='bbox 410 2894 480 2930; x_wconf 72' lang='lat' dir='ltr'><strong>wis</strong></span> <span class='ocrx_word' id='word_1_459' title='bbox 499 2894 566 2931; x_wconf 73' lang='lat' dir='ltr'><strong>vir</strong></span> <span class='ocrx_word' id='word_1_460' title='bbox 589 2894 650 2931; x_wconf 86' lang='lat' dir='ltr'><strong>bei</strong></span> <span class='ocrx_word' id='word_1_461' title='bbox 671 2895 823 2932; x_wconf 81' lang='lat' dir='ltr'><strong>Damast</strong></span> <span class='ocrx_word' id='word_1_462' title='bbox 841 2897 932 2932; x_wconf 86' lang='lat' dir='ltr'><strong>oder</strong></span> <span class='ocrx_word' id='word_1_463' title='bbox 948 2895 1098 2932; x_wconf 69' lang='lat' dir='ltr'><strong>Kaliko&#39;</strong></span> <span class='ocrx_word' id='word_1_464' title='bbox 1120 2898 1157 2941; x_wconf 84' lang='lat' dir='ltr'><strong>(a</strong></span> <span class='ocrx_word' id='word_1_465' title='bbox 1175 2895 1356 2931; x_wconf 75' lang='lat' dir='ltr'><strong>Damasco</strong></span> <span class='ocrx_word' id='word_1_466' title='bbox 1382 2898 1418 2931; x_wconf 89' lang='lat' dir='ltr'><strong>et</strong></span> <span class='ocrx_word' id='word_1_467' title='bbox 1442 2895 1608 2932; x_wconf 75' lang='lat' dir='ltr'><strong>Calcutta</strong></span> <span class='ocrx_word' id='word_1_468' title='bbox 1632 2896 1811 2941; x_wconf 83' lang='lat' dir='ltr'><strong>urbibus).</strong></span> 
     </span>
    </p>
   </div>
  </div>
 </body>
</html>
