2106 3320
943 206 1001 211 -—-
1066 181 1152 223 106
1215 206 1273 210 —

315 305 517 356 patiantur
538 302 844 342 dominationem
866 298 1126 356 Medorum.1)
1172 301 1302 342 elucet
1321 301 1468 342 Hdtum
1487 302 1621 354 Magos
1653 302 1892 342 vaticinandi

316 370 466 421 peritos
498 367 741 407 intellexisse
775 373 934 419 gentem
965 363 1221 421 propriam.²)

375 434 479 486 Ergo
506 433 720 486 Sophocles
747 435 781 472 si
806 433 912 473 idem
938 433 1171 473 vocabulum
1196 437 1362 485 usurpat
1389 428 1503 488 (Oed.
1520 433 1565 472 R.
1586 430 1705 488 387),
1730 435 1892 474 maioris

315 500 506 539 momenti
533 505 603 539 est.
637 501 672 538 is
705 500 811 538 enim
847 500 881 538 si
907 511 986 538 non
1012 500 1097 550 ipse
1123 500 1276 550 primus
1303 511 1388 538 eam
1415 511 1551 538 vocem
1577 500 1619 538 in
1644 511 1760 539 usum
1788 511 1893 539 com-

315 578 477 604 munem
503 564 723 604 introduxit
749 566 878 616 gentis
905 564 1193 616 significatione
1213 563 1405 617 neglecta,
1433 569 1539 604 certe
1560 566 1665 604 inter
1685 560 1893 619 primos.³)

314 632 442 683 prima
469 632 575 670 enim
601 632 734 682 specie
760 630 859 669 nihil
885 631 1133 682 significatur
1166 642 1284 682 quam
1316 635 1423 669 vates
1451 630 1622 682 dolosus,
1658 642 1758 682 quae
1783 630 1892 670 notio

315 702 469 736 constat
494 695 598 748 apud
624 708 761 735 omnes
788 696 871 735 sere
897 702 1090 748 posteros.
1141 708 1185 735 ac
1212 701 1343 742 tamen
1364 700 1472 735 certa
1498 696 1598 735 ratio
1617 696 1717 735 mihi
1735 694 1893 735 videtur

315 762 510 802 adhibita:
537 774 679 814 nempe
699 763 876 813 tragicus
897 763 1073 813 respexit
1087 760 1134 801 ad
1148 760 1256 801 illam
1276 760 1447 800 fabulam
1466 760 1634 801 Hdteam
1646 760 1699 800 111
1720 759 1773 800 61
1791 756 1892 815 ss.,⁴)

363 843 396 886 1>
423 841 473 875 III
499 845 543 876 65
572 841 615 876 cf.
643 840 716 876 ὑπὸ
732 840 872 886 Μήδου
898 840 1037 884 ἀνδρὸς
1055 839 1207 886 Μάγου,
1235 851 1263 874 c.
1286 843 1342 882 75,
1370 843 1456 882 1263
1483 839 1596 875 etiam
1624 843 1667 874 79
1694 841 1731 874 et
1749 838 1892 879 Ctesias

314 896 401 940 epit.
438 907 466 930 c.
496 899 552 929 15:
581 894 627 930 τὰ
655 893 899 940 Μαγοφόνια.
932 895 985 929 ita
1009 905 1116 929 voces
1147 892 1284 938 Μάγος
1318 892 1414 938 ἀνήρ
1440 893 1456 928 1
1483 897 1562 936 132,
1595 890 1731 937 ἄνδρες
1761 891 1893 938 Μάγοι

314 949 382 985 δύο
409 947 587 993 ἀδελφεοί
621 949 726 983 11161
765 949 1004 983 conferendae
1041 949 1125 982 sunt
1160 959 1243 981 cum
1279 947 1374 992 ἀνὴρ
1412 945 1547 990 Λυδός,
1579 944 1716 991 ἄνδρες
1749 945 1893 991 Πέρσαι

312 1003 379 1038 VII
393 1006 450 1046 22,
465 1007 508 1037 27
536 1003 694 1050 aliisque
721 1002 899 1047 exemplis
924 1002 1129 1046 permultis.
1156 1002 1256 1046 apud
1282 1001 1484 1035 Homerum
1510 1001 1663 1045 quidem
1686 1001 1757 1035 hoc
1781 1001 1891 1035 modo

314 1057 541 1102 significatur
567 1057 679 1091 etiam
704 1057 793 1091 ordo
829 1057 906 1090 sive
933 1055 1115 1101 dignitas:
1149 1054 1275 1100 ἰητρὸς
1299 1053 1396 1099 ἀνήρ
1422 1054 1462 1090 Il.
1491 1059 1522 1089 A
1549 1057 1630 1097 514,
1657 1052 1892 1100 βουληφόρος

313 1110 409 1155 ἀνήρ
435 1114 468 1145 Α
497 1114 576 1153 144,
603 1111 647 1145 cf.
674 1108 769 1151 σίνις
794 1109 890 1154 ἀνήρ
915 1109 955 1144 in
979 1109 1155 1144 Roscheri
1181 1109 1250 1143 lex,
1277 1109 1392 1152 myth.
1418 1120 1451 1143 v.
1479 1108 1576 1143 Sinis
1603 1111 1671 1142 933
1682 1134 1712 1154 5,
1730 1118 1776 1142 ss.

361 1168 395 1209 2)
423 1164 627 1208 comparari
658 1165 816 1208 possunt
841 1163 1028 1206 Chaldaei,
1056 1163 1102 1197 de
1116 1162 1252 1206 quibus
1279 1161 1404 1197 Cicero
1431 1162 1581 1197 exhibet
1605 1162 1665 1207 (de
1679 1162 1793 1196 divin.
1808 1161 1824 1195 I
1838 1162 1889 1206 2):

315 1229 412 1262 „qua
436 1218 476 1252 in
506 1218 657 1253 natione
683 1219 745 1262 (sc.
772 1217 1020 1262 Assyriorum)
1048 1215 1223 1251 Chaldaei
1248 1227 1324 1251 non
1349 1227 1394 1251 ex
1418 1215 1551 1258 artis,
1578 1215 1644 1251 sed
1669 1226 1714 1250 ex
1738 1215 1890 1260 gentis

313 1271 491 1306 vocabulo
516 1271 697 1308 nominati
723 1273 803 1305 —“.

361 1327 394 1370 3)
422 1325 579 1359 dubium
605 1325 704 1360 enim
729 1325 822 1359 mihi
842 1324 998 1367 videtur,
1026 1323 1192 1359 Clemens
1209 1323 1310 1358 Alex.
1337 1325 1461 1358 utrum
1480 1322 1563 1367 ipsa
1581 1322 1758 1357 Heracliti
1777 1321 1890 1358 verba

312 1379 556 1423 exscripserit,
582 1390 666 1413 cum
682 1379 822 1422 profert
842 1378 1032 1423 (Protrept.
1048 1381 1092 1411 22
1106 1389 1142 1422 p.
1159 1380 1244 1424 1624
1267 1377 1316 1412 St.
1338 1394 1383 1406 =
1403 1376 1518 1420 Diels,
1538 1376 1710 1411 Vorsokr.
1732 1379 1776 1410 12
1795 1375 1825 1410 Β
1847 1378 1890 1411 14

313 1444 348 1477 p.
365 1436 449 1479 6419
472 1433 550 1478 ss.):
580 1430 667 1467 ‘vim
686 1432 733 1477 δὴ
747 1431 969 1477 μαντεύεται
982 1429 1231 1475 εΗράκλειτος
1245 1429 1468 1475 ὁἘφέσιοςς
1494 1427 1733 1470 νυκτιπόλοις
1758 1428 1892 1475 μάγοις

312 1486 466 1533 βάκχοις
485 1485 615 1531 λήναις
627 1485 795 1531 μύσταις·
811 1485 958 1525 τούτοις
971 1485 1117 1520 ἀπειλεῖ
1127 1484 1173 1519 τὰ
1188 1483 1278 1529 μετὰ
1291 1484 1477 1528 θάνατον,
1498 1482 1646 1524 τούτοις
1666 1482 1887 1528 μαντεύεται

309 1539 351 1575 τὸ
377 1545 463 1584 πῦρ.
498 1539 544 1575 τὰ
570 1538 640 1585 γὰρ
668 1537 892 1585 νομιζόμενα
912 1536 989 1574 κατ’
1020 1539 1251 1583 ἀνθρώπους
1269 1536 1452 1583 μυστήρια
1473 1536 1656 1581 ἀνερωστὶ
1677 1536 1887 1581 μυεῢνταιΡ,

309 1605 357 1629 an
383 1605 402 1628 e
427 1594 639 1638 posterioris
674 1593 800 1628 aetatis
835 1593 1050 1628 auctoritate
1074 1593 1145 1627 hoc
1170 1591 1392 1627 vocabulum
1423 1591 1630 1636 arripuerit.
1670 1601 1758 1625 nam
1789 1590 1890 1634 quod

311 1647 530 1682 Philostr.v.
547 1647 667 1691 Apoll.
701 1647 756 1681 12
782 1649 921 1682 narrat:
956 1645 1217 1692 Ἐμπεδοκλῆς
1240 1658 1280 1681 τε
1312 1645 1384 1691 γὰρ
1417 1645 1479 1681 καὶ
1507 1642 1746 1689 Πυθαγόρας
1775 1643 1890 1684 αὐτὸς
1931 1660 1933 1663 ·

312 1702 376 1736 καὶ
396 1700 632 1746 Δημόκριτος
651 1699 889 1746 ὁμιλήσαντες
909 1701 1060 1746 Μάγοις
1085 1700 1148 1735 καὶ
1169 1699 1286 1735 πολλὰ
1312 1697 1491 1743 δαιμόνια
1520 1696 1688 1738 εἰπόντες
1701 1696 1805 1733 οὔπω
1819 1697 1887 1732 ’ὑπ-

311 1754 486 1801 ήχθησαν
518 1760 562 1801 τῇ
588 1754 698 1802 τέχνῃ
725 1755 782 1799 (cf.
808 1754 902 1789 Plin.
928 1756 1001 1789 nat.
1021 1755 1056 1788 h.
1083 1753 1184 1788 XXX
1211 1755 1281 1801 19),
1318 1753 1446 1787 inania
1474 1752 1651 1786 nimirum
1683 1752 1891 1786 commenta

311 1811 406 1843 sunt.
444 1819 518 1852 qua
551 1809 591 1843 in
622 1819 661 1843 re
699 1809 802 1844 iuvat
829 1808 982 1843 fortasse
1017 1807 1141 1843 oculos
1175 1808 1315 1842 vertere
1350 1807 1389 1841 in
1414 1805 1527 1841 Plinii
1553 1806 1666 1840 verba
1689 1806 1778 1850 (nat.
1802 1804 1888 1839 hist.

310 1861 411 1896 XXX
431 1867 450 1897 8
479 1880 522 1891 =
549 1862 663 1904 Diels,
696 1862 868 1898 Vorsokr.
891 1867 934 1896 55
954 1861 983 1895 B
1005 1864 1112 1907 3002,⁵
1140 1872 1176 1905 p.
1198 1861 1340 1906 44234):
1376 1859 1545 1904 ‘primus‚
1572 1859 1672 1903 quod
1698 1859 1824 1901 exstet,
1849 1859 1891 1892 ut

311 1916 484 1959 equidem
505 1916 665 1958 invenio,
686 1916 952 1950 commentatus
972 1916 1028 1950 est
1043 1915 1088 1949 de
1105 1925 1149 1949 ea
1163 1914 1253 1959 (scil.
1272 1913 1412 1958 magia)
1424 1912 1603 1948 Osthanes
1611 1912 1890 1956 Xerxenregem

309 1969 503 2004 Persarum
527 1969 638 2012 bello,
665 1970 765 2013 quod
790 1969 821 2003 is
843 1968 1018 2004 Graeciae
1043 1968 1179 2010 intulit,
1206 1968 1399 2002 comitatus
1421 1966 1531 2011 (Hdto
1555 1965 1710 2010 Ὀτάνης
1734 1966 1810 2000 dux
1835 1966 1890 2000 est

309 2023 589 2068 nobilissimus),
616 2034 658 2058 ac
670 2023 772 2058 velut
797 2023 939 2057 semina
963 2022 1050 2056 artis
1076 2023 1309 2066 portentosae
1335 2021 1470 2065 sparsit
1495 2020 1613 2055 obiter
1637 2020 1771 2054 infecto
1798 2029 1888 2063 qua-

310 2088 468 2121 cumque
505 2078 774 2112 commeaverat
810 2076 960 2110 mundo.
994 2096 1040 2101 -—-
1063 2075 1125 2109 hic
1162 2075 1322 2109 maxime
1354 2074 1533 2109 Osthanes
1560 2074 1608 2108 ad
1633 2073 1786 2116 rabiem,
1812 2083 1887 2107 non

308 2131 524 2166 aviditatem
548 2131 671 2173 modo,
698 2130 873 2165 scientiae
902 2130 980 2164 eius
1016 2128 1238 2163 Graecorum
1272 2127 1428 2172 populos
1467 2127 1570 2172 egit'.
1607 2148 1653 2152 —
1686 2125 1887 2161 Democriti

309 2184 432 2219 studia
456 2184 602 2228 magica
627 2184 830 2228 posteriora
854 2184 1026 2217 videntur
1049 2182 1244 2227 tragoedia
1263 2181 1476 2225 Sophoclea,
1509 2181 1598 2214 dum
1628 2190 1675 2214 ne
1708 2180 1781 2214 sint
1805 2179 1889 2213 ficta

308 2238 367 2284 (cf.
393 2237 496 2273 Diels
521 2238 564 2272 fn
592 2241 673 2281 300,
700 2241 732 2272 2.
762 2241 816 2272 12.
845 2241 900 2271 13.
927 2236 1139 2271 Wellmann
1177 2236 1278 2280 apud
1302 2234 1496 2279 Pauly-W.
1523 2246 1551 2269 s.
1576 2233 1770 2269 Demokrit
1795 2235 1886 2267 1903

308 2304 344 2336 p.
367 2293 502 2338 1381³)·
529 2291 715 2336 Diogenes
741 2290 857 2326 Laert.
884 2290 934 2325 IX
960 2294 1004 2325 34
1031 2301 1077 2324 ss.
1104 2289 1164 2324 vel
1181 2289 1251 2323 hoc
1275 2289 1413 2333 prodit:
1446 2285 1554 2328 οὗτος
1581 2287 1671 2332 (scil.
1699 2285 1888 2332 Δημόκρι-

308 2346 383 2389 τος)
402 2344 550 2390 Μάγων
570 2350 682 2380 τινῶν
703 2344 879 2388 διήκουσε
906 2344 969 2379 καὶ
995 2341 1209 2387 Χαλδαίων,
1238 2341 1379 2386 Ξέρξου
1404 2346 1469 2377 τοῦ
1495 2340 1674 2387 βασιλέως
1697 2343 1747 2388 τῷ
1773 2340 1888 2384 πατρὶ

311 2399 429 2434 αὐτοῦ
456 2398 654 2438 ἐπιστάτας
680 2396 961 2440 καταλιπόντος,
988 2395 1101 2442 ἡνίκα
1121 2395 1294 2440 ἐξενίσθη
1319 2393 1410 2440 παρ’
1436 2395 1547 2442 αὐτῷ,
1573 2393 1680 2430 καθ-ά
1706 2406 1799 2439 φησι
1822 2393 1888 2429 καὶ

284 2450 551 2496 ’“Ηρόδοτος
577 2452 765 2497 (Valcken.
793 2452 840 2486 ad
864 2451 1005 2486 Hdtum
1023 2462 1059 2495 p.
1075 2454 1174 2485 305a
1198 2451 1255 2485 ed.
1275 2449 1394 2484 Wess.
1415 2449 1507 2484 coni.
1534 2448 1814 2493 Μητρόδωρος).
1841 2468 1886 2472 -

310 2517 329 2541 e
354 2506 505 2551 tragicis
544 2507 667 2540 autem
691 2505 845 2540 Photius
871 2505 942 2539 hoc
966 2506 1110 2539 tantum
1135 2504 1274 2548 profert
1299 2503 1380 2545 (lex.
1400 2515 1435 2547 p.
1452 2503 1593 2549 2401s)³
1622 2501 1780 2547 μάγους·
1799 2501 1888 2542 τοὺς

308 2559 626 2605 μαγγανεύοντας.
653 2559 716 2594 καὶ
743 2557 946 2604 μαγείαν
973 2557 1009 2593 οἱ
1033 2557 1204 2603 τραγικοὶ
1228 2556 1398 2602 λέγουσιν
1423 2557 1480 2600 (=
1495 2556 1585 2600 fgm.
1601 2556 1726 2599 adesp.
1742 2558 1810 2589 592
1824 2553 1885 2598 N)-

308 2615 433 2647 contra
457 2612 601 2656 Python
635 2614 742 2657 (saec.
769 2612 828 2647 IV.
849 2612 939 2657 fgm.
960 2611 975 2645 Ι
995 2615 1015 2645 5
1042 2623 1078 2655 p.
1099 2614 1189 2645 811:
1222 2616 1296 2645 τῶν
1321 2608 1523 2656 βαρβάρων
1548 2609 1646 2649 τινὲς
1672 2607 1816 2654 Μάγοι)
1850 2609 1887 2643 et

309 2666 530 2710 Sosiphanes
557 2668 662 2711 (saec.
696 2665 745 2700 111
779 2666 868 2710 fgm.
899 2670 915 2700 1
942 2677 978 2709 p.
1012 2668 1097 2699 819:
1125 2663 1276 2709 Μάγοις
1310 2663 1486 2709 ἐπῳδαῖς)
1522 2662 1638 2696 multo
1672 2661 1886 2697 recentioris

308 2720 457 2754 demum
478 2721 563 2754 sunt
580 2719 722 2754 aetatis.
743 2740 788 2744 ——
808 2719 928 2754 adicio
957 2718 1182 2753 Heraclitum
1210 2716 1411 2761 Ephesium
1430 2715 1453 2751 1.
1475 2716 1498 2751 l.
1520 2717 1561 2750 ut
1578 2715 1751 2750 mulieres
1772 2715 1884 2750 Thra-

307 2773 381 2807 cias
407 2784 494 2808 voce
520 2775 641 2819 λῆναι,
665 2773 719 2807 ita
743 2772 882 2817 optime
906 2772 1071 2816 potuisse
1098 2770 1304 2816 significare
1332 2769 1442 2804 etiam
1469 2771 1604 2804 certam
1629 2769 1733 2804 illam
1756 2767 1884 2804 Medo-

306 2838 388 2860 rum
415 2828 561 2862 sectam.
741 2871 745 2875 ·

355 2881 390 2925 4)
416 2892 448 2914 v.
486 2883 553 2914 386
600 2878 780 2924 ἱμείρεται
823 2879 1044 2915 vocabulum
1088 2880 1143 2913 est
1184 2877 1368 2919 Ionicum,
1413 2877 1456 2911 cf.
1502 2876 1722 2919 Wittekind,
1766 2886 1886 2911 sermo

307 2933 416 2977 Soph.
443 2946 478 2978 p.
499 2938 556 2968 44.
