2106 3320
989 130 1282 172 ..84-

415 255 591 306 Denique
612 266 659 293 ex
679 253 771 292 Hdti
791 252 891 291 libro
918 249 944 291 9
970 252 1047 291 huc
1073 255 1225 303 spectat
1249 264 1281 290 c.
1303 248 1378 290 93:
1403 251 1670 303 Apolloniatae
1697 254 1804 293 enim
1829 266 1921 294 cum

358 320 520 370 Euenio‚
547 320 615 370 qui
640 330 772 357 sacras
793 317 895 356 Solis
920 316 1093 368 pecudes
1118 329 1259 368 parum
1283 315 1493 368 diligenter
1513 319 1761 371 servavisset,
1787 318 1922 359 oculos

358 383 598 435 effodissent,
629 383 704 423 hoc
735 382 850 422 modo
882 394 1027 434 poenas
1060 381 1248 421 reddunt:
1284 378 1441 421 αὐτίκα
1476 380 1576 422 οὔτε
1607 381 1810 437 πρόβατά
1841 393 1921 439 σφι

356 446 494 490 ἔτικτε
515 447 616 489 οὔτε
638 451 692 500 γῆ
712 444 842 500 ἔφερε
862 445 1022 500 ὁμοίως
1041 443 1277 502 καρπόν1);
1298 448 1496 499 pergitur:
1516 446 1752 501 πρόφαντα
1772 445 1826 490 δέ
1841 459 1923 503 σφι

358 511 407 555 ἔν
432 527 478 554 τε
502 511 705 567 Δωδώνῃ
731 509 803 552 καὶ
830 509 878 552 ἐν
903 512 1123 564 Δελφοῖσι
1150 508 1339 564 sylvam
1367 511 1527 552 Dodona
1554 512 1726 565 quidem,
1750 513 1924 567 Pelasgi-
1971 548 1973 551 .

357 593 402 620 ca
434 579 548 619 sedes
582 574 690 633 (Hdt.
715 578 750 617 II
776 574 866 632 52),
897 577 1152 629 Apolloniatis
1185 572 1315 631 (sinus
1347 577 1472 617 Ionici
1503 578 1657 618 accolis.
1697 591 1728 618 c.
1750 575 1827 635 92)
1863 585 1924 620 est

358 647 552 698 proxima,
587 649 718 683 tamen
743 643 878 695 Apollo
912 638 1042 697 (urbis
1075 643 1234 681 nomine
1266 639 1532 699 significatus)
1559 656 1652 683 vere
1689 656 1826 685 eorum
1863 651 1924 686 est

356 705 594 764 patronus.2)

416 775 567 821 Quibus
588 774 777 825 exemplis
797 773 934 813 Hdteis
953 773 1028 812 hoc
1048 774 1236 813 efficitur:
1262 773 1416 825 Pelasgi
1435 779 1474 813 et
1493 774 1628 826 Apollo
1647 775 1811 828 Pythius
1831 781 1925 816 sunt

357 840 550 892 cardines,
569 841 610 879 in
631 839 774 891 quibus
794 840 1012 878 exsecratio
1032 839 1106 878 ista
1126 844 1318 878 versatur.
1344 851 1443 878 nova
1464 839 1640 879 subsidia
1658 845 1818 893 praesto
1832 845 1925 881 sunt

357 907 398 945 in
418 904 755 956 inscriptionibus,
782 916 882 956 quae
901 909 1024 943 testes
1045 909 1138 943 sunt
1157 905 1428 958 incorruptae;
1454 917 1544 944 nam
1565 917 1587 944 a
1607 904 1810 958 republica
1831 917 1923 946 con-

360 972 530 1022 stitutae,
556 975 601 1010 ut
624 982 697 1022 per
722 969 878 1009 saecula
903 969 1017 1008 nobis
1044 974 1221 1009 servatae
1248 974 1351 1022 sunt,
1378 971 1431 1009 ita
1452 971 1560 1022 ipsae
1581 970 1714 1023 legum
1734 971 1923 1011 formulas

359 1040 616 1087 susceperant
634 1040 828 1075 vetustate
849 1039 1017 1075 sanctas.
1044 1047 1160 1086 quam
1182 1034 1231 1074 ob
1252 1047 1336 1074 rem
1355 1036 1570 1088 praecipue
1589 1037 1631 1075 in
1652 1036 1923 1077 sanctionibus

357 1101 512 1140 obviam
537 1100 652 1140 nobis
678 1101 778 1140 fiunt
801 1102 980 1152 priorum
1005 1105 1229 1151 temporum
1256 1100 1427 1139 residua.

415 1167 469 1205 Ac
494 1167 666 1218 primum
691 1178 868 1218 propono
887 1165 1234 1217 Hierapytniorum
1259 1165 1535 1205 iusiurandum
1545 1162 1598 1221 ⁸):
1625 1165 1672 1207 αἰ
1696 1163 1749 1207 δέ
1769 1180 1811 1207 τι
1832 1164 1924 1207 ἐπι-

358 1230 592 1285 ορκήσαιμι
617 1236 707 1271 τῶν
732 1229 881 1282 ὤμοσα
906 1227 932 1282 ἢ
957 1236 1047 1271 τῶν
1067 1226 1335 1283 συνεθέμαν,
1361 1229 1434 1279 τός
1453 1244 1500 1271 τε
1519 1230 1639 1284 θεός,
1664 1230 1740 1280 τὸς
1759 1231 1923 1285 ὤμοσα,

357 1292 567 1349 ἐμμανίας
598 1291 722 1349 ἦμεν,
757 1293 828 1335 καὶ
861 1291 1128 1343 ἐξόλλυσθαι
1159 1294 1349 1351 κακίστῳ
1381 1292 1569 1348 ὀλέθρῳ,
1601 1294 1674 1337 καὶ
1699 1295 1805 1350 μήτε
1837 1301 1924 1350 γᾶν

356 1361 463 1414 μήτε
493 1358 679 1413 δένδρεα
709 1358 875 1413 καρπὸς
905 1357 1056 1413 φέρεν,
1087 1359 1194 1413 μήτε
1225 1365 1438 1411 γυναῖκας
1462 1360 1609 1401 τίκτεν
1633 1360 1743 1402 κατὰ
1769 1361 1923 1415 φύσιν,

356 1429 415 1482 τῷ
440 1439 486 1465 τε
512 1423 685 1480 πολέμῳ
711 1425 770 1478 μή
788 1439 841 1478 με
861 1431 980 1466 σῶον
999 1422 1199 1466 νέεσθαι·
1226 1423 1442 1479 εὐορκῶσι
1463 1421 1511 1466 δὲ
1532 1423 1638 1479 ἁμῖν
1657 1425 1732 1474 τός
1750 1440 1796 1467 τε
1815 1426 1924 1476 θεὸς

359 1487 472 1538 ῑλέος
497 1485 618 1543 ἦμεν,
644 1487 715 1530 καὶ
736 1490 944 1543 γίνεσθαι
963 1488 1104 1530 πάντα
1125 1488 1284 1543 ἀγαθά.
1318 1490 1374 1530 ibi
1392 1496 1551 1543 praeter
1571 1489 1813 1532 Ἀθαναίαν
1835 1493 1924 1533 Πο-

359 1554 489 1596 λιάδα
524 1557 604 1595 sive
637 1556 892 1608 Πολιοῦχον
928 1555 1024 1595 deus
1055 1558 1243 1608 princeps
1275 1561 1336 1596 est
1369 1554 1593 1596 Ἀπόλλων
1625 1555 1926 1611 ὃεκαταφόρος

359 1616 428 1674 (cf.
450 1619 609 1672 Gruppe
632 1617 831 1676 1098111).
870 1626 909 1660 et
934 1621 998 1660 hic
1023 1620 1162 1661 titulus
1188 1623 1293 1661 inter
1319 1621 1392 1661 alia
1418 1623 1581 1661 numina
1608 1622 1766 1663 exhibet
1785 1622 1923 1663 ordine

358 1687 576 1725 continenti
597 1681 640 1740 (l.
663 1684 716 1726 13
732 1682 782 1741 s.)
809 1683 882 1726 καὶ
897 1683 1153 1726 Ἀπόλλωνα
1175 1685 1359 1727 Πύθιον
1377 1683 1449 1726 καὶ
1471 1686 1600 1727 Λατὼ
1622 1684 1924 1742 καὶ’Άρτεμιν.

359 1763 457 1803 quae
477 1763 569 1790 vero
590 1753 758 1791 societas
778 1753 975 1791 artissima
994 1752 1222 1791 interfuerit
1241 1753 1347 1791 inter
1360 1752 1516 1792 Cretam
1537 1753 1707 1793 insulam
1727 1758 1767 1793 et
1785 1766 1923 1794 oracu-

357 1816 438 1855 lum
458 1816 701 1868 Delphicum,
726 1822 878 1856 constat
897 1818 1001 1873 inter
1020 1829 1169 1856 omnes.
1196 1830 1272 1869 quo
1293 1819 1418 1869 magis
1437 1819 1581 1857 mirum
1603 1824 1673 1870 est,
1689 1818 1793 1871 quod
1806 1820 1925 1859 etiam

357 1883 399 1920 in
434 1882 520 1921 aliis
554 1881 721 1922 urbibus
757 1871 1012 1922 Cretensibus
1047 1883 1144 1922 haec
1179 1883 1346 1922 formula
1382 1882 1660 1923 adhibebatur:
1686 1885 1737 1933 in
1763 1883 1922 1924 foedere

359 1947 464 1986 inter
483 1946 650 1986 Drerum
671 1953 710 1986 et
730 1947 923 1987 Cnossum
942 1947 1057 1999 paulo
1079 1953 1168 1987 ante
1189 1961 1335 1988 annum
1362 1945 1449 1987 220
1469 1950 1547 1988 icto
1567 1949 1686 1989 verba
1707 1945 1924 2005 exstant⁴):

360 2011 399 2052 εἰ
418 2010 467 2052 δὲ
486 2010 589 2052 τάδε
608 2011 665 2065 μὴ
680 2010 916 2066 κατέχοιμι,
935 2011 1035 2061 τούς
1049 2009 1137 2068 (τ)έ
1153 2027 1228 2066 μοι
1249 2014 1396 2065 θεοὺς,
1417 2013 1520 2062 τοὺς
1540 2012 1702 2067 ὤμοσα,
1715 2011 1925 2066 ἐμμανίας

359 2126 536 2161 debentur
570 2127 767 2171 praecipue
798 2128 983 2172 primitiae
1015 2130 1051 2162 et
1080 2129 1150 2163 hoc
1181 2129 1217 2163 et
1247 2128 1329 2162 aliis
1361 2129 1451 2164 locis
1486 2128 1541 2174 xcf.
1570 2127 1738 2173 Gruppe,
1770 2128 1922 2172 mythol.

358 2191 473 2224 graec.
498 2183 616 2227 1228„
640 2182 773 2227 12336).
826 2181 1110 2226 ἐλαστρηθέντες
1135 2183 1177 2227 (c.
1199 2184 1258 2227 23)
1283 2182 1407 2227 glossa
1433 2181 1556 2217 Ionica
1587 2193 1634 2216 an
1667 2181 1758 2225 quid
1788 2181 1919 2224 valeat,

358 2244 491 2268 nescio.

420 2287 452 2331 1)
479 2287 577 2330 quod
609 2288 702 2322 duae
732 2288 842 2322 modo
875 2289 1133 2324 exsecrationis
1165 2290 1286 2333 partes
1319 2290 1471 2331 exstant,
1503 2289 1542 2322 id
1572 2288 1770 2332 respondet
1794 2288 1923 2333 culpae

358 2350 432 2373 non
458 2351 502 2374 ex
528 2341 647 2382 caede,
676 2342 739 2375 sed
764 2342 1015 2376 occaecatione
1042 2344 1255 2378 contractae.

416 2395 449 2436 2)
475 2393 547 2427 huc
571 2394 754 2438 pertinent
780 2394 871 2429 Solis
897 2406 1030 2439 pecora
1056 2396 1112 2440 (cf.
1134 2395 1285 2440 Gruppe
1303 2408 1339 2440 p.
1362 2397 1480 2439 1243),
1504 2394 1584 2439 lupi
1605 2394 1736 2440 (λύκοι)
1754 2395 1922 2438 immissi,

358 2446 573 2480 vaticinium
598 2447 737 2482 Euenio
764 2448 941 2490 delatum
975 2450 1011 2484 et
1035 2449 1248 2483 Plutarchus
1282 2449 1399 2494 (Pyth.
1421 2459 1470 2483 or.
1494 2450 1550 2493 16)
1584 2449 1747 2484 exhibet:
1780 2449 1850 2495 ἐγὼ
1883 2449 1924 2485 δὲ

359 2499 422 2533 καὶ
441 2498 677 2542 Μὐριναίους
702 2502 841 2536 ἐπαινῶ
867 2502 931 2537 καὶ
946 2500 1303 2542 Ἀπολλωνιάτας
1327 2501 1424 2547 θέρη
1451 2507 1570 2549 χρυσᾶ
1596 2503 1707 2546 δεῦρο
1728 2502 1817 2547 (soil.
1839 2501 1924 2537 Del-

359 2552 465 2596 phos)
490 2553 719 2597 πέμψαντας.

420 2608 453 2650 3)
481 2605 557 2640 CIG
582 2610 778 2654 255522-²6
807 2625 850 2636 -—-
878 2608 1182 2651 Collitz-Bechtel,
1214 2609 1350 2653 griech.
1377 2608 1659 2644 Dialektinschr.
1685 2618 1745 2644 no.
1767 2611 1871 2652 5039,
1903 2619 1923 2643 e

361 2670 451 2694 saec.
479 2671 509 2694 a.
538 2659 617 2695 Chr.
645 2672 679 2695 n.
706 2661 830 2696 altero.

419 2715 453 2757 4)
481 2714 522 2747 cf.
556 2713 716 2748 Bulletin
749 2715 794 2748 de
825 2726 978 2759 corresp.
1011 2715 1097 2750 hell.
1131 2719 1174 2750 27
1204 2719 1294 2750 1903
1320 2727 1356 2760 p.
1380 2718 1446 2749 134
1474 2733 1517 2744 =
1544 2715 1812 2761 Dittenberger‚
1845 2715 1923 2760 Syl-

360 2765 468 2809 loge²
493 2770 600 2812 46375
615 2779 678 2809 ss.;
706 2767 1002 2804 Collitz-Bechtel
1022 2772 1125 2811 4952,
1152 2768 1212 2803 cui
1236 2769 1468 2813 inscriptioni
1494 2768 1597 2803 Blass
1625 2769 1743 2804 editor
1761 2768 1921 2804 addidit:

363 2818 437 2852 ‘die
463 2819 596 2854 Inschr.
623 2821 721 2855 stellt
745 2821 822 2855 sich
842 2822 1004 2857 deutlich
1024 2822 1076 2857 als
1097 2822 1283 2856 Abschrift
1302 2822 1401 2856 eines
1422 2821 1530 2864 alten,
1557 2820 1842 2868 βουστροφηὸόν
1861 2833 1924 2867 ge·

361 2872 597 2907 sehriebenen
624 2873 806 2917 Originals
833 2876 925 2911 dar'.
