2106 3320
888 190 1184 233 -17-

0 284 45 322 2:⁶³³&
83 320 86 322 ,
143 342 146 343 ⁷
245 306 429 359 mum
442 310 663 354 &edeborg
675 310 793 352 verba
811 310 1037 364 protulisse,
1049 310 1232 364 Aeschyli
1251 310 1486 365 neglexisse,
1504 311 1703 365 siquidem
1715 324 1822 354 som·

242 381 356 424 jhm
381 390 404 420 a
428 378 580 430 tragico
611 377 748 417 fictum
779 382 887 418 esset
917 383 1026 417 tanto
1059 375 1291 418 horribilius
1314 382 1433 430 atque
1458 379 1682 419 accuratius
1706 390 1821 432 prae·

223 439 480 500 ‘nntium.¹)
517 442 592 483 hoc
626 443 732 483 enim
767 443 916 495 scripto
951 441 1091 483 morali
1122 447 1261 483 auctor
1285 444 1360 483 etsi
1395 442 1519 483 malae
1553 445 1821 485 conscientiae

243 509 425 564 exempla
449 509 577 561 affert,
601 508 668 548 cui
693 508 752 548 rei
771 507 991 548 Stesichori
1009 508 1208 548 somnium
1229 507 1387 549 videtur
1405 510 1548 561 aptius,
1574 508 1679 562 quod
1699 508 1821 550 rebus

243 577 361 620 {actis
385 572 724 616 accommodatum
749 574 814 627 sit,
839 585 931 614 cum
953 572 1136 626 Aeschyli
1161 572 1293 614 sutura
1317 573 1547 627 portendat3
1572 579 1704 615 tamen
1728 573 1821 616 Plu·

243 641 373 685 tarchi
397 641 527 682 omnis
552 640 731 692 quaestio
757 639 986 680 continetur
1009 639 1140 679 somni
1158 639 1417 691 immanitate,
1442 651 1518 691 qua
1538 651 1732 692 personae
1750 651 1820 681 no·

244 709 353 751 cauti
376 705 580 761 praedicta
604 706 659 746 sit
681 704 781 745 ultio
806 716 925 757 quam
951 703 1226 745 crudelissima
1252 708 1293 744 et
1317 702 1461 744 sceleri
1490 704 1567 756 ipsi
1595 715 1712 757 quam
1737 716 1820 745 ma·

243 774 351 816 xime
369 771 568 825 adaptata3
591 782 708 824 quam
727 769 777 811 ob
797 782 956 810 causam
975 769 1094 810 huius
1113 781 1271 822 quoque
1290 768 1566 822 explicationis
1578 769 1820 823 Aeschyloae

243 844 355 881 carte
379 838 611 879 memoriam
637 837 850 889 repetisset
873 841 940 876 aut
966 836 1127 875 omnino
1152 846 1232 875 non
1256 834 1548 875 Stesichoream
1575 834 1821 876 exhibuisset

244 915 394 959 aequae
418 902 615 943 vindictae
646 907 842 954 egentem.
878 900 1060 954 Aeschyli
1085 906 1217 941 autem
1242 899 1467 953 Choephori
1492 902 1590 953 quin
1615 912 1743 954 usque
1769 900 1820 941 ad

244 968 449 1011 Plutarchi
478 973 656 1021 tempora
681 968 723 1007 in
748 966 953 1007 hominum
985 967 1176 1007 memoria
1202 966 1411 1019 viguerint,
1447 965 1621 1006 dubitari
1644 977 1726 1006 non
1750 978 1820 1019 po·

246 1040 335 1077 test.
371 1032 568 1088 quomodo
600 1031 845 1084 intellegitur
874 1030 1181 1084 Clytaemestrae
1213 1032 1412 1071 somnium
1444 1030 1626 1072 incohata
1663 1036 1819 1072 tantum
1869 1018 1882 1028 ⁵

244 1101 447 1143 mentione
457 1098 760 1140 commemorari
773 1102 971 1150 tamquam
990 1095 1176 1136 omnibus
1195 1097 1448 1136 notissimum
1469 1091 1619 1151 (ὥστε
1637 1094 1748 1147 πρὸς
1765 1095 1819 1137 τὰ

243 1163 487 1220 γιγνόμενα
511 1185 557 1194 -
582 1161 639 1204 τὸ
670 1162 808 1203 Κλυτ.
833 1158 1082 1216 ἐνύπνιον).
1127 1167 1263 1201 contra
1295 1161 1513 1202 Stesichori
1548 1173 1708 1202 carmen
1740 1162 1819 1202 ior·

244 1237 456 1276 maon
478 1234 608 1270 totum
633 1227 870 1269 Plutarchus
894 1232 986 1267 ante
1011 1226 1148 1267 oculos
1173 1226 1322 1278 habuit,
1347 1226 1453 1280 quod
1478 1232 1676 1267 testantur
1700 1226 1818 1267 verba

243 1293 413 1339 οὑτωσί
432 1290 575 1350 κως.’)
602 1292 707 1347 quod
732 1298 865 1333 autem
886 1292 985 1332 duos
1010 1291 1127 1332 modo
1147 1304 1287 1332 versus
1306 1292 1468 1345 profert,
1494 1293 1581 1332 eius
1600 1304 1688 1332 mos
1707 1289 1817 1347 est.⁸)

242 1362 379 1415 itaque
403 1361 590 1414 quoniam
615 1358 830 1411 Aeschylea
861 1359 1016 1411 specics
1046 1357 1103 1398 nil
1128 1363 1190 1398 est
1214 1358 1293 1397 nisi
1318 1357 1569 1398 Stesichorea
1594 1363 1819 1410 propagata,

244 1438 397 1469 summa
422 1424 699 1479 probabilitate
731 1423 835 1476 apud
861 1422 1133 1463 Stesichorum
1159 1424 1360 1463 exstitisse
1386 1422 1551 1463 eandem
1579 1422 1818 1463 concluden-

244 1491 340 1534 dum
364 1497 437 1532 est.
471 1491 580 1531 omni
606 1488 732 1541 igitur
755 1490 843 1529 iure
868 1488 1049 1529 Rohert
1072 1494 1287 1541 utrumque
1312 1489 1523 1540 somnium,
1554 1493 1594 1528 et
1620 1487 1819 1528 Stesicho-

244 1569 359 1599 rcum
384 1561 426 1598 ct
449 1554 724 1608 Aeschyleum,
760 1556 803 1594 in
833 1566 957 1594 unum
990 1553 1220 1606 complexus
1245 1559 1305 1594 est
1331 1549 1439 1608 (Bild
1465 1566 1503 1593 u.
1524 1553 1621 1594 Lied
1650 1551 1735 1594 170
1753 1550 1817 1608 s.).

244 1633 375 1676 neque
399 1622 507 1678 enim
532 1621 668 1673 epicos
694 1616 931 1675 lyricosve⁴)
955 1619 1097 1660 decent
1116 1624 1347 1671 argumenta
1366 1618 1535 1659 obscure
1555 1618 1672 1659 dicta.
1696 1620 1817 1659 immo

243 1686 295 1729 ad
325 1686 500 1728 nefariae
532 1684 724 1737 mulieris,
761 1696 861 1737 quae
900 1685 1117 1736 tingeretur
1148 1697 1170 1724 a
1202 1683 1429 1724 Stesichoro
1464 1685 1573 1724 omni
1604 1683 1718 1736 culpa
1749 1683 1818 1724 ob-

243 1753 394 1804 stricta,
413 1753 465 1792 ita
486 1757 531 1792 ut
549 1752 590 1791 in
611 1762 729 1790 suum
748 1750 834 1802 ipsa
854 1749 979 1790 lilium
999 1748 1155 1790 tolleret
1173 1750 1347 1789 securim
1362 1745 1521 1803 (Aesch.
1534 1746 1817 1801 Choeph.888,

244 1817 295 1859 cf.
321 1816 469 1858 Robert
499 1829 537 1869 p,
562 1811 679 1870 161),
717 1814 858 1855 malam
885 1815 1167 1855 conscientiam
1200 1813 1446 1854 excitandam
1482 1819 1600 1867 atque
1631 1813 1817 1854 omnibus

245 1882 457 1936 pavoribus
477 1879 776 1935 perterrendam
797 1879 1057 1921 conveniebat
1075 1879 1299 1932 prodigium
1314 1880 1496 1920 immane.
1517 1880 1574 1919 sic
1589 1879 1817 1919 Stesichoro

245 1948 411 2001 contigit
434 1953 711 1999 argumentum
736 1940 1063 2000 gravissimum‚⁶)
1090 1944 1193 1998 quod
1214 1950 1382 1985 aetatem
1403 1944 1493 1985 tulit
1511 1957 1637 1998 usque
1658 1944 1706 1985 ad
1726 1943 1816 1984 Plu·

244 2011 373 2055 tarchi
403 2018 581 2066 tempora
606 2012 824 2063 integrum:
861 2011 940 2051 nisi
967 2011 1068 2051 lorte
1094 2009 1342 2065 probabilius
1367 2016 1429 2051 est
1453 2015 1654 2051 auctorem
1681 2009 1721 2050 id
1747 2009 1816 2050 ali·

245 2077 351 2120 unde
380 2078 600 2131 sumpsisse
625 2088 755 2130 neque
781 2077 859 2129 ipsi
883 2075 958 2116 sub
984 2075 1119 2116 oculos
1145 2081 1262 2128 atque
1288 2077 1328 2116 in
1354 2081 1529 2116 mentem
1555 2076 1710 2115 venisse
1737 2074 1817 2115 col-

243 2142 382 2198 Bgenti
407 2142 623 2184 Stesichori
649 2137 896 2196 Orestiam.‘)

306 2243 340 2286 1)
364 2242 408 2277 ut
429 2238 616 2276 existimat
640 2238 984 2281 Radermacher,
1019 2238 1085 2274 du
1110 2237 1268 2273 Jeuseita
1299 2237 1352 2272 im
1377 2237 1522 2283 Mythos
1548 2237 1614 2272 der
1638 2236 1815 2273 Hellenen

246 2296 339 2331 10⁰⁸
362 2304 401 2340 p.
421 2296 501 2330 128.

304 2347 342 2394 8)
365 2346 577 2383 Athenaeus
608 2346 772 2391 quidem,
804 2345 834 2380 si
861 2344 1057 2381 Stesichori
1085 2343 1229 2380 Orestia
1258 2343 1305 2379 ad
1330 2343 1423 2378 illud
1447 2345 1592 2389 tmpu-
1617 2343 1817 2379 exstitisset

243 2399 442 2447 integrum,
465 2402 597 2437 testem
621 2411 695 2436 non
720 2399 925 2435 invocasset
949 2397 1192 2443 Megaclidem
1218 2396 1283 2432 xil
1309 2408 1344 2441 p.
1365 2396 1486 2432 nsA.

305 2455 341 2499 8)
365 2453 413 2490 de
436 2464 512 2499 quo
536 2453 629 2489 dicit
653 2452 861 2490 Volkmann
891 2452 944 2497 (in
971 2451 1065 2486 libro
1091 2451 1137 2487 de
1162 2450 1356 2486 Plutarcho
1381 2460 1518 2486 consor.
1542 2452 1631 2485 1869
1656 2461 1692 2495 p.
1717 2452 1814 2494 tst)=

246 2504 433 2543 ‘Pluma
458 2506 619 2543 vermhrt
642 2506 711 2541 mit
728 2506 867 2542 Zitaten
893 2515 1074 2551 sparsam:
1101 2516 1141 2541 er
1158 2504 1250 2540 liebt
1269 2515 1307 2539 es
1327 2503 1434 2546 auch,
1460 2502 1712 2539 Dichterverse
1730 2514 1814 2538 aum

246 2545 429 2596 sobnae}
453 2560 574 2596 seiher
598 2559 833 2604 Dustellung
858 2558 1132 2600 einzuflechten.
1157 2558 1246 2594 aber
1271 2557 1464 2592 hochstein
1492 2559 1583 2592 8——4
1599 2556 1722 2599 veno.
1747 2557 1813 2591 du

246 2611 408 2649 Weitaere
432 2611 523 2648 vird
548 2612 659 2656 dnn,
690 2624 746 2649 vo
771 2624 810 2648 ca
836 2612 941 2657 notig
965 2612 1102 2654 achion,
1138 2612 1174 2646 in
1201 2612 1302 2646 einer
1327 2610 1563 2656 prosaisohen
1587 2608 1814 2656 Psi-aphrus

246 2664 463 2711 &fiatfiat-⁹

306 2722 343 2764 4)
367 2728 443 2764 φη
467 2718 504 2754 in
531 2730 568 2754 re
593 2718 774 2763 obloquor
797 2719 1101 2761 Radermachero,
1126 2717 1284 2753 Jenseits
1310 2728 1345 2762 p.
1368 2720 1444 2753 128.

308 2774 343 2817 ο)
368 2782 464 2817 qnae
489 2771 665 2807 nimirum
690 2772 851 2817 gravitas
876 2774 1041 2808 constare
1066 2783 1139 2807 non
1165 2770 1286 2815 potuit
1309 2768 1453 2805 duobus
1473 2771 1614 2804 tantum
1635 2767 1812 2804 versibus.

306 2827 343 2870 0)
365 2824 478 2861 huius
503 2825 602 2860 enim
627 2825 758 2871 mpitis
776 2824 982 2861 Plutamhei
1006 2826 1156 2867 fontem,
1182 2825 1227 2859 de
1247 2834 1322 2868 quo
1341 2822 1430 2857 tlibi
1451 2822 1602 2858 fortasse
1622 2822 1812 2865 dio-eram.

247 2877 363 2923 priori
375 2877 512 2915 monti
526 2878 623 2914 tertii
637 2878 732 2923 parti
742 2878 979 2914 tribuendum
993 2889 1072 2913 esse
1086 2877 1268 2919 existimo.
1279 2886 1354 2921 quo
1367 2876 1496 2911 eodem
1510 2878 1674 2921 tempore
1688 2874 1811 2920 Mega·

247 2930 361 2967 elide·
367 2930 547 2966 iudicium
560 2930 697 2967 tulitdo
709 2932 849 2967 ratione
863 2932 958 2967 inter
967 2930 1102 2967 Xanthi
1114 2934 1150 2966 et
1161 2929 1357 2966 Stesichori
1373 2928 1536 2964 carmina
1545 2928 1812 2964 constituenda.

319 2996 593 3023 ‹mo-mion-
613 2996 762 3024 tam
801 2997 836 3030 x.
855 2998 880 3024 a.
1505 2992 1525 3023 2
