2106 3320
985 218 1308 260 —120—

348 353 434 392 ⁴que
460 352 557 391 rem,
590 351 708 391 quam
739 338 910 391 Kvicala‚
936 344 1070 378 utrum
1097 340 1241 392 αἴρειν
1274 335 1403 393 (codd.
1430 337 1517 394 LA)
1545 352 1594 379 an
1618 335 1735 393 ἔχειν
1768 337 1926 394 (super-

357 406 518 458 scripsit
543 401 618 459 L⁸)
638 404 943 456 praeferendum
971 405 1034 455 sit,
1060 403 1262 443 disserens
1287 399 1366 458 (ed.
1387 417 1420 444 a.
1443 401 1576 458 1865)
1602 405 1828 457 profitetur:
1855 403 1924 445 ‘im

357 470 527 510 Halten
563 469 631 509 des
657 470 881 521 glsihenden
908 469 1061 518 Eisens‚
1093 469 1204 508 nicht
1228 470 1282 508 im
1308 461 1462 509 blo'ssen
1487 470 1733 510 Aushehen
1758 471 1924 511 bestand

357 535 419 575 die
446 531 647 590 Probe’¹)‚
672 535 815 587 aliquis
841 536 991 574 ratione
1011 536 1178 586 inversa,
1205 536 1390 586 quoniam
1411 537 1555 586 αἴρειν
1572 535 1715 575 melius
1735 537 1787 575 sit
1805 541 1924 576 testa-

354 597 496 656 tum2),
526 602 724 652 acceperit
742 606 942 640 tentamen
963 601 1107 639 oneris.
1140 599 1244 651 quod
1265 599 1425 652 quidem
1446 600 1718 653 subsequitur:
1743 597 1816 641 καὶ
1835 605 1924 654 πῦρ

356 663 564 718 διέρπειν,
586 666 624 705 id
646 667 779 705 neutri
798 667 930 718 potius
950 665 1112 718 prodest
1131 666 1459 718 interpretationi,
1479 667 1557 705 nisi
1577 666 1676 705 sorte
1697 671 1843 706 certam
1863 667 1925 706 ra·

353 733 502 771 tionem
531 733 708 783 reperias
728 732 768 770 in
790 744 847 783 eo,
868 730 972 783 quod
999 730 1136 770 eodem
1163 731 1246 781 igni
1272 735 1477 770 tentantur
1497 737 1536 770 et
1560 731 1682 783 pedes
1709 737 1749 771 et
1772 744 1924 771 manus.

355 798 468 837 cuius
484 796 726 836 discriminis
738 797 929 836 iudicium
946 797 1135 836 nimirum
1154 797 1420 836 certissimum
1433 802 1696 848 exspectatur,
1713 798 1747 836 si
1757 795 1925 851 μύδρος

352 862 587 901 vocabulum
614 862 709 914 quid
734 864 865 914 ipsum
892 861 969 901 sibi
996 861 1100 913 velit,
1128 857 1455 916 constit11imus.⁸)
1491 874 1590 914 quae
1617 861 1776 914 quidem
1797 861 1924 902 decla-

353 929 453 967 ratio
474 940 495 966 a
514 933 692 967 veterum
713 927 1003 980 lexicographis
1024 926 1324 979 scholiastisque
1343 927 1577 979 plerumque
1598 928 1839 979 enuntiatur,
1864 932 1926 966 est

353 991 533 1046 σίδηρος
573 991 787 1046 διάπυρος
816 994 897 1032 sive
925 989 1368 1046 πεπυρακτωμένος.4)
1418 994 1642 1032 testimonia
1670 1004 1763 1032 vero
1792 1004 1923 1032 exem-

350 1058 417 1111 plo
439 1058 656 1110 Sophocleo
676 1060 904 1110 vetustiora,
931 1070 1030 1110 quae
1055 1057 1183 1110 pluris
1208 1058 1384 1109 profecto
1404 1056 1518 1096 nobis
1539 1061 1641 1108 sunt,
1669 1056 1813 1096 docent
1830 1057 1923 1097 hoc:

351 1119 582 1179 Aeschy105)
608 1122 779 1177 μύδρος
805 1129 912 1163 certe
940 1129 1000 1163 est
1020 1124 1169 1163 ferrum
1189 1123 1370 1174 ignitum.
1397 1128 1532 1161 contra
1552 1121 1678 1161 Hdtus
1699 1123 1923 1174 significare

351 1189 509 1229 videtur
535 1189 557 1229 l.
584 1189 607 1229 l.
634 1202 734 1229 onus
762 1190 857 1229 ferri
883 1189 1035 1240 frigidi:
1071 1188 1227 1227 videtur
1260 1187 1352 1239 dixi,
1387 1189 1572 1240 quoniam
1599 1187 1647 1227 ad
1675 1187 1921 1228 devotionem

346 1267 467 1306 -quam
503 1256 673 1294 maxime
709 1254 1018 1294 confirmandam
1054 1266 1225 1293 massam
1260 1253 1321 1292 vel
1357 1252 1660 1293 candescentem
1702 1253 1923 1293 demersam

353 1333 441 1360 esse
466 1332 678 1372 possumus
705 1322 895 1373 cogitare3
921 1320 995 1358 hoc
1022 1318 1182 1372 quidem
1209 1318 1484 1358 contendimus
1509 1330 1588 1357 non
1614 1318 1921 1370 intellegendum

352 1398 441 1425 esse
468 1386 618 1425 sermm
642 1385 808 1437 simplex
829 1387 1006 1437 apposito
1028 1384 1219 1424 adiectivo
1239 1381 1489 1437 σιδήρεον
1507 1381 1692 1436 μύδρον.
1718 1387 1922 1435 praeterea

351 1450 598 1503 philosophis
630 1451 803 1502 physicis
836 1452 972 1502 eisque
999 1451 1173 1489 Atticis
1206 1450 1297 1488 trita
1331 1454 1415 1488 erat
1439 1461 1511 1488 vox
1545 1447 1593 1488 ad
1619 1448 1714 1488 solis
1739 1453 1920 1488 naturam

346 1524 632 1568 exponentem:
660 1512 919 1570 clarissima⁶)
947 1521 1032 1555 erat
1057 1516 1251 1554 sententia
1277 1510 1628 1568 Anaxagorae⁷)
1660 1511 1787 1566 ἥλιον
1807 1508 1921 1554 εἶναι

351 1580 526 1636 μύδρον
559 1578 828 1636 διάπυρον.8)
862 1580 968 1621 unde
1000 1582 1078 1620 iam
1111 1579 1383 1627 concludimus
1408 1579 1556 1619 Hdtum
1588 1591 1667 1618 non
1699 1578 1826 1619 solum
1853 1576 1922 1618 So'-

349 1647 482 1699 phocli
514 1646 744 1698 praebuisse
778 1647 960 1698 glossam,
994 1645 1190 1698 siquidem
1218 1650 1301 1685 erat
1326 1645 1455 1684 Ionica
1483 1657 1606 1697 eaque
1633 1644 1773 1684 eodem
1800 1655 1920 1684 sensu

412 1787 445 1831 1>
471 1785 512 1820 A.
535 1785 772 1830 Frederking‚
798 1785 906 1820 Beitr.
935 1797 962 1820 z.
983 1784 1073 1819 Krit.
1100 1796 1135 1819 11.
1155 1784 1267 1828 Exeg.
1295 1784 1328 1819 d.
1358 1782 1460 1828 soph.
1482 1783 1564 1819 Ant.
1591 1794 1712 1829 progr.
1736 1787 1827 1820 1893
1846 1797 1881 1830 p.
1899 1789 1918 1820 7

352 1839 567 1873 condicione
591 1839 721 1872 nititur
745 1839 848 1873 falsa.
998 1884 1002 1887 η

410 1894 445 1937 2)
472 1892 573 1927 idem
598 1892 678 1926 vult
702 1892 919 1926 scholiastae
944 1891 1110 1936 μύδρους
1134 1890 1340 1938 βαστάζειν.

408 1947 442 1990 3)
469 1946 514 1980 de
542 1947 664 1990 etymo
691 1945 787 1980 nihil
813 1945 995 1989 profertur
1022 1944 1130 1987 firmi,
1165 1945 1208 1980 cf.
1239 1944 1276 1979 L.
1303 1944 1437 1988 Meyer,
1467 1944 1535 1979 Hb.
1567 1945 1601 1979 d.
1629 1944 1765 1988 griech.
1795 1945 1915 1989 Etym.

348 1998 398 2034 IV
419 2002 508 2034 1902
534 2010 571 2043 p.
593 2001 673 2041 228,
701 2002 779 2033 330.

407 2054 443 2097 4)
468 2052 570 2087 velut
594 2052 704 2088 schol.
732 2053 780 2087 ad
805 2052 934 2087 Aesch.
961 2051 1081 2087 Prom.
1109 2054 1189 2095 382,
1222 2050 1332 2095 Soph.
1358 2050 1483 2095 Antig.
1510 2054 1591 2093 264,
1624 2050 1765 2087 Gallim.
1791 2052 1918 2096 hymn.

346 2105 488 2140 Dianae
514 2109 572 2148 49,
603 2105 780 2140 Nicandri
807 2106 863 2141 Al.
891 2109 953 2148 50;
986 2105 1102 2140 Tzetz.
1129 2104 1306 2149 Lycophr.
1335 2107 1420 2147 2723
1452 2104 1608 2148 Hesych.
1635 2116 1668 2139 v,
1696 2105 1860 2150 σμύδρος
1883 2107 1921 2141 et

347 2159 498 2204 μύδρος,
532 2159 597 2193 ubi
629 2159 850 2194 antecedunt
878 2159 992 2193 verba
1022 2158 1137 2204 ἀργὸς
1168 2156 1318 2203 σίδηρος
1348 2159 1384 2192 et
1414 2157 1591 2202 κραταιὸς
1615 2156 1736 2201 λίθος,
1771 2159 1920 2194 additur

346 2213 435 2257 poni
462 2213 574 2248 etiam
600 2212 658 2248 ἐπὶ
686 2218 752 2248 τοῦ
778 2211 1014 2256 ἀναισθήτου
1041 2212 1078 2256 (i.
1105 2223 1135 2247 e.
1161 2211 1306 2246 nullum
1332 2221 1480 2246 sensum
1505 2212 1701 2246 admittens
1729 2212 1805 2247 sive
1829 2212 1917 2247 fer-

346 2267 471 2311 reus).
498 2266 543 2302 H.
564 2266 739 2301 Bliimner
758 2265 1018 2311 (Technologie
1037 2277 1073 2300 u.
1094 2265 1291 2300 Terminol.
1312 2265 1345 2300 d.
1368 2263 1543 2300 Gewerbe
1562 2277 1596 2300 u.
1617 2265 1756 2300 Kiinste
1774 2265 1836 2300 bei
1856 2265 1916 2302 Gr.

347 2332 381 2354 u.
408 2320 450 2355 R.
477 2319 527 2355 IV
554 2323 645 2354 1887
670 2331 706 2364 p.
728 2322 812 2365 219)
835 2331 915 2354 rem
939 2319 1091 2364 exponit
1117 2319 1183 2353 sic:
1219 2319 1294 2353 ‘die
1320 2319 1506 2364 gliihende
1530 2319 1661 2361 Masse,
1693 2331 1737 2353 zu
1762 2319 1919 2354 welcher

347 2373 407 2408 die
426 2373 619 2408 Eisenerze
645 2373 697 2408 im
722 2373 838 2408 Feuer
862 2372 1228 2416 zusammenbacken‚
1254 2393 1301 2398 —
1319 2373 1421 2408 heisst
1438 2372 1607 2418 μύδρος
1633 2373 1691 2418 (-
1713 2374 1768 2407 est
1785 2373 1833 2407 ist
1852 2373 1916 2408 da-

345 2426 411 2461 her
441 2427 536 2462 auch
567 2427 632 2461 der
662 2438 747 2462 vom
779 2426 951 2461 Schmied
982 2426 1146 2471 gliihend
1177 2426 1367 2471 gemachte
1397 2426 1712 2472 Ffisenfflumpen),
1743 2427 1916 2463 massa’.

407 2481 441 2525 5)
466 2479 586 2516 Prom.
621 2483 687 2515 382
710 2492 773 2516 sss
812 2481 1099 2525 μυδροκτυπεῖ
1123 2477 1341 2525 ’Ήφαιστοςῃ
1369 2479 1488 2515 -ἔνθεν
1525 2477 1796 2524 ἐκραγήσονταί
1827 2492 1918 2515 ποτε

345 2534 544 2579 ποταμοὶ
568 2533 711 2578 πυρός
736 2555 780 2560 -—
807 2535 841 2569 et
860 2534 902 2569 fr.
925 2537 1034 2580 3071:
1062 2533 1208 2578 σφύρας
1232 2531 1411 2579 δέχεσθαι
1435 2532 1723 2578 κάπιχαλκεύειν
1741 2533 1916 2578 μύδρους.

406 2588 441 2632 6)
467 2590 508 2622 ut
537 2587 696 2632 probant
729 2587 844 2633 epigr.
877 2588 978 2632 apud
1002 2587 1109 2632 Diog.
1137 2586 1175 2622 L.
1202 2586 1235 2621 11
1261 2590 1305 2622 15
1336 2587 1395 2632 (ε
1421 2586 1522 2621 Diels
1548 2585 1646 2621 FVS
1672 2597 1708 2631 p.
1724 2585 1849 2634 29520)
1881 2587 1918 2622 et

344 2640 520 2685 Harpocr.
547 2652 580 2675 v.
607 2639 867 2686 Ἀναξαγόρας·
894 2636 1003 2681 οὗτός
1029 2640 1127 2676 ἐστιν
1153 2639 1172 2675 ὁ
1197 2639 1265 2676 τὸν
1289 2638 1394 2685 ἥλιον
1418 2639 1562 2685 μύδρον
1581 2639 1696 2674 εἰπὼν
1716 2638 1914 2685 διάπυρον.

407 2696 440 2739 7)
466 2694 546 2738 ipse
572 2693 831 2729 Clazomeneus
857 2694 1012 2729 Athenis
1037 2695 1201 2729 versatus
1227 2695 1282 2728 est
1305 2694 1392 2728 inde
1418 2692 1464 2728 ab
1490 2703 1522 2727 a.
1548 2693 1623 2727 fere
1649 2696 1719 2728 460
1744 2693 1784 2728 in
1808 2693 1915 2728 fami-

343 2747 502 2782 liaritate
527 2747 689 2783 Periclis.

405 2802 440 2845 8)
467 2801 620 2835 diversis
645 2800 747 2844 locis,
774 2801 816 2836 cf.
844 2801 1005 2836 indicem
1029 2800 1116 2836 FVS
1141 2800 1173 2834 II
1193 2804 1213 2834 2
1239 2812 1272 2835 v.
1293 2800 1433 2846 μύδρος
1451 2802 1487 2834 et
1505 2799 1625 2846 μύλος.
1662 2800 1817 2835 eandem
1835 2810 1913 2835 ma.-

339 2853 449 2898 gistri
475 2854 693 2888 sententiam
718 2854 872 2899 professi
899 2856 984 2889 sunt
1009 2854 1147 2900 (Eurip.
1167 2854 1317 2889 Phaeth.
1343 2854 1385 2889 fr.
1408 2856 1493 2889 783:
1520 2851 1658 2899 χρυσέα
1683 2855 1800 2900 βῶλος
1823 2853 1858 2889 h.
1882 2863 1913 2888 e.

343 2918 466 2941 massa
491 2907 621 2951 glebae
646 2908 726 2942 auri
758 2908 868 2943 modo
899 2907 1055 2953 fulgens.
1083 2908 1126 2943 cf.
1153 2907 1195 2943 fr.
1217 2910 1282 2942 771
1305 2910 1339 2942 et
1365 2907 1423 2942 Or.
1452 2910 1519 2942 982
1535 2909 1595 2953 ss.)
1622 2906 1751 2942 Critias
1777 2907 1912 2942 Arche-

343 2959 423 2994 laus
444 2960 683 2997 Democritus.
