2106 3320
834 193 1157 236 -121—

197 314 301 361 1111
321 314 600 366 οξυᾲοεοοοίίο
625 314 822 368 praedita3
848 326 1097 367 nequaquam
1123 315 1231 354 enim
1257 313 1385 354 obstat
1405 312 1643 354 adiectivum
1663 311 1776 353 διά-

197 386 356 435 πυρον,
380 391 432 422 ne
450 378 626 433 μύδρον
645 381 886 433 accipiamus
906 391 1075 420 massam
1096 380 1270 431 ignitam.
1302 391 1393 419 nam
1403 375 1437 433 ¹)
1459 379 1591 431 ipsum
1611 378 1775 419 verbum

196 443 436 501 florumque
467 440 702 500 additum¹),
733 457 833 498 quae
866 446 1026 498 propria
1053 446 1144 485 voci·
1170 445 1266 485 insit
1296 450 1449 494 natura,
1481 440 1775 499 demonstrat.⁸)

195 522 322 566 quare
346 523 425 552 una
450 516 606 552 tantum
631 510 699 550 ilio
724 522 819 551 aevo
846 509 1026 550 vocabuli
1050 508 1221 564 μύδρος
1240 510 1478 563 significatio
1497 508 1689 562 probatur
1707 522 1776 550 ne·

194 587 277 632 que
299 576 491 618 historico
517 575 635 617 debet
659 576 834 628 tragicus
854 576 962 616 vocis
982 574 1085 616 baud
1106 576 1316 616 inusitatae
1337 581 1404 616 aut
1424 575 1688 627 cognitionem
1709 580 1777 616 aut

194 653 315 685 utum
338 642 671 695 superstitiosum.

580 785 622 824 F.
654 784 725 823 DE
752 783 1186 825 LABDAOIDARUM
1212 783 1383 825 snam.

255 872 300 914 ln
331 877 511 914 extremo
543 873 736 913 disseram
770 872 817 913 de
852 872 1088 925 quibusdam
1115 872 1344 913 nominibus
1369 874 1543 926 propriis
1568 873 1617 914 ad
1642 875 1773 926 gentis

193 937 376 981 ordinem
408 938 711 991 significandum
745 939 980 979 coniunctis.
1019 939 1171 978 ratione
1198 939 1305 979 enim
1331 938 1532 979 simillima
1558 939 1773 980 historicus

191 1009 362 1058 usurpat
386 1005 533 1045 seriem
558 1003 725 1044 heroum
750 1002 1031 1044 Thebanorum
1058 1000 1108 1059 (V
1130 1000 1225 1059 59):
1251 1002 1361 1045 κατὰ
1387 1001 1531 1045 Λάιον
1555 1002 1634 1044 τὸν
1654 1003 1773 1056 Λαβ-

191 1067 337 1111 δάκου
360 1073 442 1111 τοῦ
468 1067 747 1122 Πολυδώρου
767 1072 848 1110 τοῦ
874 1067 1077 1121 Κάδμου,
1103 1081 1180 1122 qua
1200 1070 1374 1122 tragicus
1400 1067 1516 1124 (Oed.
1536 1069 1580 1109 R.
1601 1066 1686 1110 267
1702 1066 1772 1124 s.):

407 1138 468 1192 τῷ
495 1133 753 1190 Λαβδακείῳ
793 1131 918 1175 παιδὶ
946 1133 1227 1187 Πολυδώρου
1253 1148 1300 1175 τε
1324 1131 1398 1176 καὶ

408 1204 491 1241 τοῦ
515 1199 688 1252 πρόσθε
717 1198 901 1253 Κάδμου
927 1203 1008 1240 τοῦ
1031 1197 1167 1241 πάλαι
1192 1196 1229 1240 τ’
1259 1197 1503 1254 Ἀγήνορος.

192 1270 313 1320 atque
338 1277 577 1320 quamquam
612 1265 702 1306 talis
728 1266 923 1306 maiorum
956 1265 1113 1305 collatio
1138 1278 1212 1318 per
1236 1279 1279 1306 se
1305 1279 1385 1306 non
1411 1265 1530 1306 habet
1555 1279 1628 1306 cur
1653 1268 1772 1306 mire-

193 1326 334 1387 mnr‚⁴)
371 1336 505 1372 tamen
541 1330 581 1371 id
607 1330 766 1371 videtur
791 1332 982 1371 memoria
1010 1330 1185 1384 dignum,
1218 1331 1323 1384 quod
1350 1332 1508 1372 nomina
1536 1331 1773 1372 exhibentur

190 1395 244 1438 ab
261 1401 431 1450 utroque
451 1409 616 1450 prorsus
636 1396 785 1437 eadem.
813 1396 883 1437 sed
903 1396 1070 1437 alterum
1092 1396 1206 1436 alteri
1228 1396 1466 1437 subduxisse
1487 1398 1603 1437 istam
1624 1399 1770 1437 seriem

191 1474 241 1503 ea
266 1467 418 1503 tantum
446 1461 681 1502 condicione
706 1461 1024 1502 concludendum
1051 1467 1124 1514 est,
1150 1463 1183 1501 si
1211 1463 1296 1515 ipsa
1322 1461 1388 1502 illa
1415 1464 1575 1503 nomina
1602 1468 1670 1503 aut
1688 1462 1771 1515 ple-

194 1528 331 1581 risqne
357 1527 527 1568 fuissent
553 1529 684 1579 ignota
710 1533 778 1567 aut
803 1540 882 1568 non
908 1528 1181 1567 constitissent
1207 1529 1312 1567 inter
1337 1539 1475 1568 omnes
1502 1533 1569 1568 aut
1594 1529 1628 1567 si
1653 1527 1770 1568 alter·

191 1597 284 1633 utro
303 1591 389 1633 loco
418 1592 684 1646 probarentur
709 1594 959 1633 extrinsecus
985 1595 1174 1633 arcessita
1194 1605 1269 1633 nec
1289 1595 1329 1633 in
1351 1592 1562 1633 verborum
1584 1598 1768 1634 contextu

193 1657 451 1699 inhaerentia.
490 1670 536 1698 ac
562 1659 734 1711 primum
756 1658 962 1711 Sophoclis
982 1670 1121 1699 versus
1141 1659 1176 1698 si
1197 1658 1522 1711 contemplamur,
1542 1659 1769 1711 integritate

190 1736 332 1765 eorum
347 1723 573 1765 addubitata
596 1723 815 1764 secundum
830 1723 924 1764 Hdti
943 1725 1133 1764 nimirum
1154 1723 1379 1776 exemplum
1399 1723 1548 1764 credita
1568 1729 1629 1764 est
1647 1724 1770 1764 inter·

192 1789 339 1843 polatio
364 1802 386 1830 a
411 1788 564 1842 Burges
590 1784 730 1844 (Soph.
751 1788 915 1830 Philoct.
930 1789 990 1830 ed.
1008 1787 1122 1831 1832
1136 1802 1171 1829 v.
1186 1786 1305 1845 312).
1344 1788 1450 1842 quod
1476 1802 1567 1829 cum
1593 1790 1670 1829 iam
1697 1791 1768 1829 mi·

194 1867 284 1896 rum
315 1866 410 1895 sane
442 1855 505 1906 sit,
538 1856 573 1895 si
599 1856 690 1907 quis
715 1854 898 1895 falsarius
923 1867 970 1895 ex
998 1857 1083 1907 ipso
1109 1854 1211 1895 Hdto
1238 1856 1454 1907 sumpserit
1486 1867 1576 1894 eum
1602 1854 1767 1895 heroum

190 1919 375 1961 ordinem
400 1919 586 1961 omnihus
611 1921 875 1972 notissimum,
902 1933 1021 1973 quem
1048 1933 1118 1961 sua
1145 1926 1285 1973 sponte
1312 1921 1466 1960 auxerit
1485 1920 1679 1972 Agenoris
1698 1932 1768 1960 no·

192 1986 300 2027 mine
313 1987 473 2039 generis
487 1987 673 2037 auctoris,
690 1997 738 2026 ex
750 1985 873 2026 altera
888 1992 999 2039 parte
1019 1985 1271 2026 abiudicatur
1284 1985 1332 2025 ab
1353 1998 1400 2025 eo
1419 1997 1560 2037 graece
1581 1984 1768 2038 loquendi

193 2050 372 2104 facultas,
407 2052 473 2092 cui
510 2052 670 2092 crimini
705 2050 822 2092 datur
854 2063 1021 2104 proavos
1053 2052 1295 2102 coniungere
1326 2063 1373 2091 τε
1404 2050 1482 2091 καί
1509 2046 1767 2105 particulis.⁵)

189 2111 345 2170 atqui⁸)
380 2115 539 2157 illorum
574 2115 740 2157 heroum
776 2117 1068 2157 enumerationi
1105 2128 1246 2168 magna
1283 2117 1386 2156 inest
1421 2118 1653 2168 auctoritas,
1691 2128 1767 2168 qua

253 2250 288 2293 1)
312 2250 356 2284 ut
378 2247 509 2295 lingua
533 2248 729 2284 vernacula
759 2249 899 2284 utimur
925 2249 1007 2284 ‘der
1030 2247 1215 2293 gliihende
1242 2247 1479 2283 Sonnenball'
1507 2259 1626 2293 aequa
1650 2249 1768 2283 abun-

252 2357 289 2400 2)
313 2355 426 2391 etim
451 2355 601 2393 Aristot.
629 2356 674 2391 de
699 2356 840 2391 mundo
867 2355 916 2391 IV
935 2358 991 2391 25.

252 2409 290 2454 8)
313 2408 535 2454 garinim
563 2412 688 2446 nahem
714 2409 826 2445 velba.
857 2412 943 2444 sunt
967 2408 1222 2454 Olympiodori
1255 2408 1355 2454 (FVS
1381 2420 1417 2454 p.
1439 2412 1564 2456 2980:
1601 2407 1699 2453 μόνα
1724 2409 1766 2445 δὲ

190 2459 240 2498 τὰ
263 2459 383 2507 ἄστρα
401 2462 556 2508 πυρώδη
576 2461 682 2508 εἰσίν,
708 2463 757 2504 ὡς
775 2464 839 2498 καὶ
859 2460 925 2500 τὸν
944 2461 1192 2508 Ἀναξαγόραν
1211 2462 1385 2507 μύδρον
1404 2461 1556 2498 καλέσαι
1576 2463 1641 2498 τὸν
1660 2460 1767 2508 ἥλιον

189 2513 258 2551 διὰ
282 2511 324 2551 τὸ
348 2513 546 2560 ἄμετρον
569 2521 648 2563 τῆς
670 2517 929 2560 πυρώσεως·
962 2516 1103 2561 μύδρος
1128 2515 1198 2562 γάρ
1226 2515 1324 2552 ἔστιν
1348 2515 1685 2561 πεπυρακτωμένος
1711 2514 1766 2551 σι’-

189 2568 317 2613 dnm.

252 2622 288 2667 4)
313 2621 414 2667 apud
444 2621 567 2668 ipsum
599 2622 740 2659 Hdtum
770 2622 846 2659 alie
876 2634 1023 2668 quoque
1055 2625 1198 2658 exstant
1229 2623 1408 2668 exempla,
1443 2623 1555 2658 laudo
1582 2623 1765 2668 imprimi·

192 2673 243 2710 vl
263 2677 331 2710 147
350 2673 465 2711 etvn
485 2678 542 2719 11,
560 2676 625 2712 nbi
645 2679 818 2722 quattuor
836 2676 913 2712 Pol
920 2676 1106 2722 yniceae
1126 2677 1246 2722 gentis
1268 2677 1398 2722 stirpes
1419 2680 1455 2712 et
1474 2687 1603 2711 novem
1626 2676 1765 2711 Achae·

192 2727 425 2763 menidam
449 2739 586 2775 genera
608 2730 739 2766 eodem
765 2730 876 2765 modo
902 2730 1069 2765 citantur.

253 2782 288 2826 6)
312 2780 357 2818 cf.
384 2780 593 2819 Nauekium
618 2783 666 2819 ad
691 2794 724 2820 v.
751 2787 838 2825 2⁶13
865 2783 959 2819 hanc
992 2794 1076 2819 vero
1108 2783 1403 2819 coniunctionem
1431 2783 1546 2818 movit
1572 2783 1763 2818 nominum

190 2834 423 2880 propriorum
450 2835 766 2882 impedimentum.

252 2889 288 2932 0)
313 2890 355 2923 ut
384 2898 457 2924 non
488 2888 719 2935 disputem·
751 2891 797 2926 de
823 2901 995 2926 versuum
1022 2893 1191 2926 contextu
1217 2891 1372 2926 diversis
1398 2891 1518 2925 modia
1545 2892 1764 2935 permutato,

192 2939 294 2976 velut
316 2951 340 2976 a.
363 2940 568 2978 Ribbookio
594 2942 677 2987 (nh.
703 2943 750 2980 M.
780 2947 824 2980 18
849 2955 885 2989 p.
910 2947 1089 2986 129—82;
1124 2944 1213 2980 iiber
1238 2944 1271 2980 d.
1299 2944 1399 2979 Rede
1425 2944 1459 2980 d.
1488 2943 1627 2988 Konigs
1654 2942 1765 2978 Oedi·
