2106 3320
845 176 1141 220 ...29-

130 277 132 281 1
197 261 453 342 fimtiguns
476 298 584 339 inter
612 303 828 351 utrumque
860 298 1100 338 certissimis
1129 298 1256 350 signis
1286 296 1449 350 probata
1481 297 1675 351 aliquanti
1700 310 1785 340 mo·

138 368 140 370 ’
201 363 332 412 ”ti
354 366 419 403 est
441 361 493 404 ad
515 374 605 403 eam
623 364 897 416 quaestionem
917 362 1166 403 solvendam:
1192 362 1311 416 Soph.
1332 374 1406 403 cur
1422 362 1572 404 Hdtum
1599 365 1784 416 amicum,

200 426 323 470 uhts
343 427 536 469 milium
561 433 601 469 et
624 429 899 469 testimoninm
926 428 964 468 ei
990 434 1149 481 praesto
1175 433 1300 480 erant,
1332 434 1554 482 respueret,
1586 430 1785 483 proferret

200 502 443 548 ‘unquam
461 491 665 535 alienum?
696 493 771 534 hoc
799 493 960 547 quidem
986 499 1142 534 certum
1161 499 1241 534 est:
1267 493 1529 535 Athenienses
1548 496 1619 548 qui
1638 500 1784 548 quanta

191 557 470 601 -fflliaritate
495 558 631 599 ambos
656 560 891 600 coniunctos
916 571 1005 600 esse
1025 558 1218 611 viderent,
1244 558 1293 600 ad
1312 571 1432 612 quem
1457 559 1523 601 illa
1542 561 1783 614 significatio

199 628 412 679 queen-et,
436 623 543 665 haud
568 624 815 677 ignorabant.

260 693 348 743 Qua
371 707 422 736 ex
447 697 600 737 ratione
626 698 733 737 inter
758 695 905 736 lldtum
932 702 971 736 et
997 695 1233 748 Sophoclem
1258 695 1422 749 probata
1448 697 1545 750 quid
1570 710 1783 751 possumus

199 758 473 802 concludere?
491 761 676 814 Sophocli
696 761 858 815 quidem
877 761 1075 802 Electram
1095 760 1268 802 rabulam
1287 764 1542 815 componenti
1560 763 1636 804 suh
1655 764 1782 805 oculis
1841 804 1852 814 ,

202 824 328 868 'uisse
358 825 483 867 libros
514 826 607 867 Hdti
638 827 784 868 litteris
815 826 1021 868 mandatos
1052 839 1131 868 non
1162 826 1279 880 plane
1313 828 1582 869 confirmatur.
1632 831 1781 870 etenim

202 889 271 932 illa
296 903 362 932 res
386 890 436 932 ad
459 894 633 945 primum
660 898 814 933 tantum
840 891 987 933 librum
1012 894 1204 947 pertinet3
1236 899 1320 933 tum
1345 894 1423 933 etsi
1449 893 1498 934 de
1523 894 1782 948 temporibus,

202 955 351 1010 quibus
374 955 467 997 libri
487 956 606 998 udtei
632 959 850 1011 conscripti
868 959 960 1010 sint,
986 957 1114 999 adhuc
1133 957 1208 998 sub
1228 958 1360 999 iudice
1380 957 1431 999 lis
1451 964 1524 1011 est,
1549 965 1682 1000 tamen
1706 960 1782 1001 hoc

200 1020 362 1063 videtur
384 1027 568 1064 constare
599 1035 679 1064 non
710 1036 850 1064 omnes
881 1023 1005 1063 libros
1036 1022 1176 1063 eodem
1203 1029 1382 1076 tempore
1413 1035 1503 1064 esse
1528 1026 1782 1078 compositos,

201 1091 322 1141 atque
347 1088 467 1128 etiam
491 1094 584 1129 ante
609 1088 787 1141 singulas
806 1089 994 1129 historias
1019 1088 1220 1128 confectas
1238 1088 1388 1129 Hdtum
1414 1091 1450 1129 si
1476 1102 1555 1129 non
1581 1103 1673 1131 cum
1698 1104 1782 1132 om-

200 1151 322 1195 nibus
338 1152 650 1194 Atheniensibus
668 1151 929 1209 (quamquam
955 1153 1003 1194 de
1025 1154 1258 1194 recitatione
1278 1153 1437 1206 publica
1456 1154 1622 1195 Athenis
1647 1155 1781 1197 habita

201 1216 377 1260 dubitari
407 1230 487 1258 non
512 1215 719 1274 potest¹))‚
743 1224 782 1259 at
808 1224 917 1259 certe
943 1231 1035 1259 cum
1061 1220 1213 1270 amicis,
1238 1221 1308 1272 qni
1334 1221 1375 1260 in
1400 1219 1567 1261 Periclis
1592 1223 1781 1263 societate

200 1287 244 1326 α
259 1284 444 1324 convictu
463 1283 736 1335 versabantur,
756 1285 1111 1325 communicavisse
1131 1284 1233 1325 hanc
1252 1290 1370 1338 atque
1390 1284 1497 1326 illam
1512 1288 1781 1328 narrationem

199 1359 251 1390 ex
280 1348 353 1394 els.
382 1360 483 1402 quas
515 1349 771 1402 indagaverat
802 1350 886 1390 sive
918 1351 959 1389 in
990 1349 1251 1390 harbarorum
1277 1350 1601 1404 Graecorumque
1634 1352 1781 1393 tinibus

200 1415 286 1455 sive
310 1425 360 1455 ex
385 1403 668 1455 historicorum
695 1414 822 1455 libris.
873 1427 968 1467 ergo
994 1415 1231 1468 Sophoclem
1262 1415 1370 1456 illam
1396 1417 1611 1469 imaginem
1637 1430 1781 1471 cogno·

200 1480 307 1520 visse
330 1491 405 1533 per
429 1479 582 1520 litteras
608 1482 875 1533 conscriptam
902 1492 950 1520 ex
975 1480 1051 1521 hoc
1076 1493 1156 1521 uno
1182 1480 1268 1521 loco
1293 1493 1372 1521 non
1399 1483 1592 1535 sequitur.
1650 1495 1779 1536 neque

130 1579 137 1586 ,
201 1545 310 1586 enim
334 1543 429 1585 Hdti
455 1544 560 1585 dicta
586 1558 608 1586 a
634 1545 829 1599 Sophocle
855 1545 904 1585 ad
929 1545 1095 1586 verbum
1120 1545 1309 1586 translata
1342 1559 1431 1587 esse
1458 1548 1512 1587 ita
1538 1554 1704 1601 constat,
1735 1554 1781 1589 ut

200 1610 334 1664 ipsum
352 1609 499 1665 librum
520 1610 741 1652 adhibitum
761 1622 850 1651 esse
869 1610 1073 1664 probetur.
1099 1613 1275 1652 narratio
1295 1618 1427 1652 autem
1448 1612 1538 1653 talis
1558 1619 1631 1665 est,
1651 1614 1780 1667 qualis

201 1676 362 1729 penitus
387 1675 558 1716 insideat
585 1678 625 1716 in
652 1677 844 1717 memoria
875 1675 1134 1728 audientium,
1165 1678 1219 1717 ita
1250 1683 1295 1717 ut
1327 1676 1512 1730 Sophocli
1542 1690 1684 1719 novam
1710 1679 1779 1719 ali·

200 1751 321 1794 quam
339 1745 471 1782 certae
490 1743 657 1782 rationis
676 1743 851 1795 speciem
865 1744 1075 1795 quaerenti
1094 1742 1201 1783 illius
1214 1745 1406 1783 memoria
1427 1745 1481 1783 sit
1500 1743 1779 1796 redintegrata.

201 1806 325 1859 igitur
337 1805 411 1846 hoc
424 1811 580 1847 tantum
601 1807 883 1848 constituImus
897 1806 1043 1847 Hdtum
1058 1813 1149 1847 ante
1169 1807 1366 1848 Electram
1381 1808 1499 1861 Soph.
1521 1811 1779 1862 compositam

201 1869 511 1912 Atheniensibus
535 1873 771 1925 patefecisse
790 1872 978 1913 historias
997 1875 1186 1925 persicas.
1214 1872 1370 1914 Electra
1389 1873 1551 1926 quidem
1576 1875 1778 1927 tragoedia

201 1935 360 1989 quando
384 1937 427 1977 in
452 1936 582 1979 lucem
607 1937 815 1991 prodierit,
839 1937 943 1978 haud
969 1943 1078 1978 certe
1103 1939 1271 1991 scimus3
1296 1951 1534 1992 quamquam
1561 1939 1779 1992 Sophoclea

200 2002 463 2056 posteriorem
490 2014 578 2043 esse
598 2002 796 2044 Electram
816 2002 1071 2056 Euripideam
1097 2000 1150 2058 (a.
1170 2001 1258 2044 413
1278 2005 1364 2044 sine
1385 2003 1507 2045 dubio
1525 2002 1778 2060 productam)

200 2078 308 2109 nnnc
338 2068 418 2108 iam
449 2063 660 2123 constat.¹)
711 2069 753 2108 in
785 2069 961 2121 priorem
993 2068 1200 2122 Sophoclis
1240 2075 1410 2110 aetatem
1442 2069 1627 2110 ducimur
1658 2073 1776 2111 etiam

199 2210 249 2247 ud
276 2221 333 2254 et,
357 2222 454 2257 quae
479 2210 547 2247 Ed.
579 2212 762 2249 Schwartz
800 2212 853 2258 (in
879 2211 1126 2259 Pauly-wius.
1157 2213 1345 2259 encyelop.
1410 2217 1536 2249 18990.
1567 2225 1603 2248 v.
1634 2213 1777 2251 Charon

198 2267 309 2311 nost)
334 2265 381 2300 de
409 2264 480 2300 boc
505 2265 682 2311 scriptore
706 2266 814 2302 docet
845 2266 909 2301 ‘ob
939 2264 1084 2302 Charon
1109 2266 1247 2312 jungor
1275 2267 1366 2301 oder
1395 2266 1487 2302 {lter
1510 2267 1565 2303 als
1590 2267 1667 2303 Hdt
1689 2278 1776 2309 var.

199 2316 251 2355 id
276 2317 382 2354 nieht
422 2319 709 2362 summachem
756 2319 818 2355 die
861 2319 1151 2355 conventionelle
1192 2320 1319 2356 antike
1357 2319 1538 2357 Literatur
1581 2323 1672 2357 seht
1713 2321 1778 2357 ihn

199 2381 271 2407 nur
299 2371 433 2407 durum
463 2383 528 2408 vor
571 2372 657 2415 Hdt,
705 2373 788 2408 weil
832 2373 887 2407 sie
929 2373 1001 2408 alle
1044 2384 1122 2419 sog.
1161 2372 1476 2419 „Logographen”
1518 2394 1561 2401 —
1599 2374 1658 2410 Μι-
1694 2385 1774 2411 vor-

199 2422 370 2460 mhi-eh
405 2424 483 2461 bnt
519 2446 564 2452 —
602 2427 696 2462 doch
741 2426 815 2462 12&
852 2426 930 2461 sich
963 2427 1031 2461 mit
1055 2426 1199 2473 einiger
1224 2426 1430 2462 Sicherheit
1454 2427 1676 2473 behanpiaen,
1707 2427 1778 2462 dae

199 2475 278 2514 net
300 2477 372 2515 den
390 2477 535 2515 Charon
559 2479 689 2515 nicht
713 2480 862 2516 bennui:
880 2480 971 2515 hat'.
997 2480 1079 2515 illae
1105 2483 1228 2515 autem
1254 2481 1379 2526 copias
1398 2481 1595 2516 historicus
1615 2480 1777 2516 Halim-

200 2531 386 2567 ammi·
405 2532 599 2569 hsuriebat
616 2545 636 2569 e
649 2534 749 2570 fama
768 2534 951 2580 populari,
972 2534 1024 2569 ita
1042 2537 1083 2568 ut
1102 2533 1305 2570 identidem
1326 2535 1373 2570 ad
1392 2534 1585 2570 Persarum
1604 2534 1777 2570 historia·

201 2583 439 2621 mutuandas
472 2586 661 2623 exhiberet
692 2587 880 2623 insomnia
909 2587 1098 2622 mirabilia
1129 2587 1257 2631 (veluti
1284 2587 1298 2622 1
1327 2591 1407 2630 107.
1443 2590 1525 2631 108,
1558 2591 1627 2624 20⁹
1659 2587 1709 2624 111
1734 2590 1779 2623 80

201 2636 250 2674 Vl
280 2640 344 2674 107
371 2638 438 2674 vn
466 2642 522 2683 ιε,
549 2642 619 2685 ιο).

263 2701 296 2742 1)
322 2708 398 2743 qua
415 2698 462 2734 de
480 2709 519 2734 re
538 2699 583 2735 cf.
597 2704 742 2746 praeter
761 2701 852 2736 alios
874 2700 912 2736 B.
934 2700 1041 2742 Zeita,
1069 2700 1348 2747 Bemerkungen
1367 2713 1412 2736 zu
1432 2702 1503 2737 den
1524 2700 1776 2746 Vorlesnngen

201 2749 307 2786 ndu.
330 2762 454 2798 progr.
478 2755 567 2789 1882
592 2755 652 2797 (12
678 2757 746 2799 p.);
774 2754 832 2789 W.
856 2754 937 2799 Aly,
964 2754 1032 2789 Rh.
1052 2754 1099 2789 M.
1121 2757 1165 2789 ⁶⁴
1193 2757 1313 2799 (1909)
1339 2766 1375 2801 p.
1396 2758 1478 2791 687.

261 2812 298 2854 2)
322 2811 502 2847 memoria
519 2811 655 2858 dignae
675 2816 761 2849 sunt
779 2814 951 2855 rationes.
976 2824 1071 2858 quae
1091 2814 1321 2850 intercedunt
1346 2814 1441 2849 inter
1460 2813 1651 2859 Sophoclis
1672 2813 1776 2849 Anti-

202 2872 338 2908 gonam
366 2867 405 2900 et
427 2864 608 2902 Electram
640 2870 676 2902 et
700 2866 883 2913 Oedipum
913 2867 1051 2912 Regem
1083 2867 1227 2903 fabulae
1260 2868 1319 2910 (cs.
1347 2867 1554 2903 Wilumow.
1581 2866 1704 2902 Herm.
1733 2870 1776 2902 18

201 2925 238 2960 p.
258 2918 344 2958 2173
369 2917 437 2953 etei
463 2917 643 2955 Electram
668 2920 855 2966 posuerim
880 2921 1040 2965 priorem
1066 2920 1209 2967 Oedipo
1237 2921 1360 2967 Rege).
