2106 3320
961 171 1281 213 -104—

658 287 718 342 V.
772 287 850 340 DE
890 286 1175 342 SINGULIS
1213 287 1577 343 VOCABULIS.

604 406 650 443 A.
695 405 764 443 DE
792 405 932 444 vocs:
960 404 1185 444 ΜΑΓΟΣ
1207 401 1347 458 (Soph.
1369 405 1463 445 oea.
1484 407 1531 447 R.
1554 402 1674 460 387).

398 493 713 545 Nonnumquam,
745 499 789 532 ut
821 505 940 545 supra
969 493 1152 546 diximus,
1178 507 1257 533 uno
1283 493 1403 534 verbo
1429 495 1678 545 significatur
1703 508 1910 547 argumen-

339 565 421 598 tum
454 558 612 598 aliunde
637 559 824 610 petitum:
858 558 947 597 talis
983 564 1044 598 est
1080 571 1154 598 vox
1190 557 1373 611 Μάγος
1404 555 1519 613 (Oed.
1540 559 1634 612 Reg.
1654 557 1775 616 387),
1811 573 1910 613 quae

338 629 465 663 movet
488 625 766 675 suspicionem.
794 624 867 663 hoc
894 626 1000 663 enim
1023 626 1183 663 nomine
1210 623 1256 663 ab
1283 625 1396 664 initio
1421 630 1584 664 vocatur
1603 638 1699 677 gens
1720 625 1910 679 quaedam

337 689 552 728 Medorum.
566 684 597 742 ¹)
639 690 836 741 imprimis
871 702 963 728 vero
1000 695 1134 729 nostra
1155 691 1333 741 interest,
1369 690 1463 741 quid
1484 692 1628 730 sentiat
1656 691 1795 732 Hdtus.
1821 704 1910 731 nam

337 755 507 807 primum
535 754 694 806 quidem
721 754 954 794 vocabulum
987 754 1028 794 id
1062 754 1176 794 nobis
1203 756 1378 794 occurrit
1403 756 1444 794 in
1469 755 1607 796 Aesch.
1627 756 1736 796 Pers.
1755 769 1790 796 v,
1811 754 1910 814 321,

336 819 405 859 uhi
432 825 574 859 exstat:
600 818 673 860 καὶ
698 820 858 872 Μᾶγος
873 816 1082 874 ’Ἀραβοςς
1110 821 1143 859 si
1169 825 1298 860 autem
1326 820 1538 860 scribimus
1571 835 1598 861 α
1623 821 1791 873 longam,
1815 834 1910 870 ,sane

338 884 664 924 consentiendum
693 890 754 924 est
779 897 870 924 cum
897 885 1091 924 Teuffelio
1119 880 1200 939 (ed.
1215 885 1278 925 alt.
1297 882 1442 940 1875),
1469 887 1537 938 qui
1563 893 1698 926 censet
1717 888 1911 939 tragicum

338 963 417 989 non
458 952 553 990 satis
586 952 825 990 instructum
865 951 924 990 uti
960 951 1034 990 hac
1071 963 1270 1003 mensura,
1309 964 1409 1003 quae
1447 957 1634 991 constans
1666 953 1718 991 sit
1741 950 1912 1004 Μάγος

339 1011 505 1069 (syllaba
526 1021 706 1068 correpta
728 1017 847 1055 etiam
867 1017 908 1055 in
929 1016 1072 1056 litteris
1092 1016 1264 1056 Persicis
1278 1013 1452 1070 Magus);
1473 1017 1542 1056 sed
1563 1016 1746 1069 equidem
1766 1017 1910 1057 accedo

338 1080 385 1120 ad
406 1086 538 1133 partes
558 1081 762 1132 Dindorfii,
784 1083 851 1133 qui
874 1081 1034 1121 disserit
1054 1077 1148 1135 (lex.
1169 1081 1307 1121 Aesch.
1331 1079 1444 1121 1876
1472 1095 1501 1121 s.
1522 1095 1556 1122 v.
1578 1078 1753 1137 Μάγος)
1778 1082 1910 1134 legen-

339 1146 434 1185 dum
461 1159 567 1186 esse:
586 1144 658 1186 καὶ
680 1145 838 1199 Μάγος
850 1143 1041 1200 Ἄραβος.
1075 1146 1179 1199 quod
1199 1146 1358 1198 quidem
1379 1146 1427 1186 ad
1447 1159 1534 1186 eam
1560 1148 1797 1187 sententiam
1822 1159 1911 1200 pro·

336 1212 504 1252 bandam
537 1212 739 1251 contendit
764 1212 866 1251 hanc
891 1212 1114 1252 libertatem
1153 1209 1225 1266 (sc.
1254 1208 1430 1267 Μᾶγος)
1463 1225 1543 1251 non
1576 1225 1693 1264 posse
1730 1213 1911 1253 excusari

337 1279 378 1317 in
414 1279 574 1317 nomine
611 1279 837 1317 notissimo:
874 1290 946 1317 cur
979 1279 1229 1317 notissimum
1265 1277 1323 1316 illi
1357 1278 1431 1317 fuit
1464 1274 1680 1331 nomen‘?2)
1710 1279 1842 1330 potius
1867 1283 1911 1318 ut

335 1340 496 1395 Μάγος
511 1339 695 1395 ’Άρᾶβος
719 1366 765 1370 ——
792 1344 911 1382 etiam
933 1343 1057 1382 codex
1075 1343 1279 1382 Mediceus
1300 1347 1340 1382 et
1359 1342 1568 1383 scholiasta
1587 1342 1734 1383 habent
1753 1342 1912 1396 Μάγος

337 1413 450 1447 acuto
475 1408 700 1460 praeditum
731 1430 768 1436 —
800 1408 1019 1460 defendam,
1046 1407 1221 1448 adducor
1244 1407 1376 1448 verbis
1401 1407 1628 1460 Herodiani‚
1659 1409 1728 1461 qui
1753 1408 1912 1449 exhibet

338 1469 418 1527 (ed.
446 1473 603 1513 Lentzl
631 1470 781 1529 1400:
817 1472 1005 1527 δίβραχυ
1040 1496 1095 1501 -
1139 1470 1212 1513 καὶ
1253 1471 1302 1514 τὸ
1347 1471 1531 1525 Μάγος
1572 1471 1771 1514 ἐθνικόν;
1804 1473 1911 1514 unde

337 1538 466 1578 elucet
508 1540 808 1590 grammaticum
852 1539 994 1590 legisse
1038 1540 1078 1578 in
1117 1551 1234 1578 versu
1272 1538 1487 1591 Aeschyleo
1527 1538 1712 1591 syllabam
1752 1545 1910 1592 correp'-

386 1689 421 1735 1)
446 1689 545 1732 quod
584 1689 695 1724 etiam
733 1701 756 1724 a
791 1689 1055 1734 posterioribus
1095 1689 1297 1733 exhibetur,
1335 1689 1437 1725 velut
1470 1700 1492 1724 a
1530 1689 1653 1735 Steph.
1692 1689 1777 1735 Byz.
1816 1701 1843 1725 s.
1875 1701 1909 1724 v.

335 1740 479 1786 Μαγία.

384 1797 420 1840 2)
446 1807 488 1831 eo
509 1797 686 1831 nimirum
706 1797 798 1839 loco,
819 1808 891 1840 quo
909 1796 1010 1831 iuius
1031 1796 1333 1832 Pseudosmerdis
1355 1796 1494 1831 mentio
1518 1796 1558 1830 fit
1579 1798 1626 1842 (v.
1641 1799 1725 1831 774:
1752 1796 1912 1841 Μάρδος

335 1850 536 1894 propiusue
562 1851 666 1886 abest
690 1861 713 1885 a
738 1850 887 1895 Bardija
912 1862 1024 1895 quam
1059 1850 1220 1886 Smerdis
1246 1850 1411 1885 Hdteus?
1444 1850 1555 1885 schol.
1583 1850 1732 1886 exhibet
1755 1851 1912 1886 formam

335 1903 527 1948 Μερὸιάς)
560 1915 634 1938 non
668 1903 875 1947 appellatur
895 1903 914 1938 ὁ
935 1903 1080 1948 Μάγος,
1113 1904 1212 1947 quod
1237 1914 1372 1938 nomen
1392 1905 1560 1938 constans
1581 1905 1636 1939 est
1653 1905 1754 1949 apud
1771 1904 1911 1939 Hdtum

337 1959 373 1991 et
397 1958 496 2001 quod
523 1957 707 1992 desiderat
733 1957 844 1992 etiam
870 1957 982 1991 schol.
1003 1957 1051 1992 ad
1070 1957 1167 1992 Pers.
1191 1961 1258 1991 776
1269 1957 1340 2000 W.‚
1368 1969 1594 2001 quamquam
1620 1958 1811 2002 utriusque
1829 1957 1910 1992 fons

337 2010 469 2045 similis
496 2012 550 2045 est
568 2011 608 2044 in
628 2022 682 2053 eo,
709 2011 809 2054 quod
828 2011 859 2044 is
881 2011 946 2054 qui
965 2022 1087 2046 rerum
1106 2011 1255 2054 potitur,
1274 2010 1485 2045 nominatur
1503 2010 1652 2055 Bardija
1670 2011 1761 2054 (Hdt
1779 2011 1828 2046 ΙΙΙ
1847 2015 1908 2046 61:

336 2064 400 2099 καὶ
426 2063 568 2108 οὕνομα
588 2063 704 2098 τώυτὸ
726 2060 797 2109 εἶχε
818 2062 993 2108 Σμέρδιν,
1020 2064 1123 2098 cuius
1149 2064 1259 2098 frater
1282 2074 1339 2098 res
1365 2063 1559 2098 moliturus
1586 2063 1606 2099 ὁ
1633 2064 1768 2109 Μάγος
1792 2066 1909 2100 Πατι-

336 2115 465 2161 ζείθης
485 2119 550 2160 est,
572 2128 646 2161 qua
665 2118 710 2152 de
728 2128 816 2152 voce
836 2117 915 2162 agit
932 2116 1079 2159 Prasek,
1101 2116 1230 2152 Gesch.
1252 2118 1286 2151 d.
1305 2117 1431 2152 Meder
1449 2116 1649 2152 u.PerserI
1664 2121 1754 2152 1906
1765 2119 1908 2163 p.262>‚

337 2182 419 2205 cum
445 2171 683 2214 inscriptione
703 2182 725 2205 a
744 2170 855 2205 Dario
875 2171 914 2204 in
933 2170 1161 2215 Bagistanon
1186 2172 1309 2205 monte
1333 2170 1517 2214 insculpta
1534 2170 1711 2215 probatur
1730 2170 1911 2207 Gaumata

335 2224 399 2268 hja
424 2225 555 2269 Magus
581 2224 662 2269 (col.
692 2228 709 2258 1
737 2236 770 2258 v,
793 2227 836 2258 36
863 2226 946 2269 ss.);
972 2226 1082 2268 atque
1096 2224 1319 2268 Aeschylum
1338 2224 1377 2258 in
1395 2223 1567 2258 manibus
1581 2224 1755 2259 habuisse
1773 2224 1909 2259 librum

337 2278 522 2322 quendam
547 2278 763 2312 historicum
790 2278 955 2322 (fortasse
975 2278 1162 2323 Hecataei)
1189 2277 1422 2312 confirmatur
1446 2289 1479 2312 v.
1509 2281 1690 2319 761—82;
1724 2278 1788 2313 sed
1814 2289 1909 2321 eum,

337 2331 401 2375 qui
427 2331 556 2365 Persas
581 2331 794 2366 liberaverit
827 2341 849 2365 a
873 2331 974 2376 Magi
1002 2331 1103 2365 illius
1129 2331 1391 2372 dominatione,
1422 2330 1528 2365 affert
1558 2331 1764 2375 principem
1789 2328 1909 2373 Ἀρτα·

339 2383 478 2429 φρένεα
507 2388 594 2419 776:
621 2385 744 2420 nescio
765 2396 811 2419 an
837 2384 992 2419 alicuius
1018 2384 1195 2419 momenti
1222 2385 1279 2427 sit,
1306 2384 1406 2428 quod
1430 2384 1470 2418 in
1494 2384 1600 2419 titulo
1627 2395 1738 2428 supra
1760 2384 1909 2420 laudato

337 2438 608 2473 coniuratorum
640 2439 781 2482 primus
807 2438 963 2473 habetur
991 2438 1071 2482 (col.
1098 2441 1119 2472 4
1145 2450 1178 2472 v.
1200 2441 1258 2482 83)
1290 2437 1532 2472 Windafarna
1564 2438 1640 2473 sive
1663 2435 1911 2483 Ἰνταφρένης

337 2491 435 2535 (Hdt.
468 2491 517 2525 III
554 2493 623 2536 70),
658 2492 757 2535 quod
789 2492 836 2526 ad
867 2503 1001 2526 nomen
1032 2492 1199 2536 proxime
1231 2491 1325 2526 inter
1358 2491 1441 2525 illos
1462 2492 1602 2535 septem
1628 2492 1769 2527 accedit
1787 2489 1909 2535 Ἀρτα-

337 2543 476 2589 φρένης
502 2545 830 2588 Aeschyleus‚.qui
857 2545 1008 2589 quidem
1034 2545 1114 2588 ipse
1139 2544 1264 2579 multis
1289 2544 1379 2579 locis
1398 2545 1527 2579 Hdteis
1554 2544 1702 2580 obviam
1726 2545 1834 2579 nobis
1859 2544 1908 2580 fit.

337 2600 462 2632 contra
503 2599 533 2632 si
575 2599 734 2643 tragicus
777 2600 968 2643 cognosset
1008 2598 1199 2632 historiam
1239 2597 1466 2632 liberationis
1504 2598 1549 2632 ab
1584 2598 1681 2632 Hdto
1709 2597 1908 2633 exhibitam

336 2652 379 2695 (c.
396 2654 440 2685 68
469 2654 540 2696 ss.)‚
564 2649 733 2696 Ὀτάνην
759 2652 985 2686 laudavisset
1008 2651 1224 2696 prinoipem.
1259 2652 1306 2685 ad
1331 2653 1537 2686 accuratam
1562 2651 1799 2686 historiarum
1825 2662 1908 2696 cog—

336 2704 515 2740 nitionem
536 2705 777 2749 Aeschyleam
797 2716 965 2740 revocem
986 2705 1096 2739 etiam
1117 2705 1166 2747 id,
1194 2705 1293 2748 quod
1323 2704 1483 2749 tragicus
1518 2705 1642 2749 ipsum
1676 2704 1909 2739 Persarum

337 2769 470 2793 nomen
498 2758 646 2793 exhibet
670 2760 829 2803 (praeter
854 2770 887 2792 v.
915 2761 982 2793 239
1010 2760 1046 2793 et
1073 2762 1139 2792 793
1166 2759 1203 2793 et
1221 2757 1383 2802 elogium
1403 2757 1629 2802 sepulcrale),
1656 2758 1720 2802 qui
1740 2769 1762 2793 a
1781 2757 1908 2792 ceteris

338 2810 484 2846 Graecis
517 2811 798 2855 appellabantur
829 2812 946 2846 Medi
979 2811 1037 2856 (τὰ
1064 2809 1222 2855 Μηδικά
1247 2822 1365 2855 usque
1389 2811 1429 2844 in
1454 2821 1545 2845 aeva
1569 2811 1815 2846 remotissima
1838 2821 1909 2845 usu

338 2866 440 2898 erant
463 2864 577 2909 trita):
606 2864 668 2898 ille
693 2876 779 2899 vero
805 2865 997 2899 Medorum
1023 2864 1222 2908 imperium
1241 2864 1413 2899 transisse
1433 2863 1471 2898 in
1485 2864 1613 2899 Persas
1639 2864 1740 2898 haud
1764 2863 1910 2909 ignorat

337 2928 369 2951 v.
387 2921 452 2951 767
482 2928 527 2952 ss.
