2106 3320
1055 22 1144 87 “.’

959 160 1018 166 -.
1081 136 1136 178 76
1200 160 1257 166 .-

330 263 574 309 agnoverunt
605 258 723 297 etiam
756 262 929 310 veteres3
962 256 1170 296 scholiasta
1198 258 1302 297 enim
1329 263 1374 296 ut
1399 270 1536 298 eorum
1562 271 1749 299 versuum
1773 259 1901 311 signi-

328 324 553 363 ficationem
581 328 808 375 exponeret,
839 323 1104 372 narrationem
1131 321 1298 362 Hdteam
1330 319 1595 379 exscripsit.¹)
1621 325 1699 364 iam
1726 324 1774 364 de
1798 337 1902 364 voce

327 388 456 440 λόγος
482 385 661 440 ἀρχαῖος
686 399 811 439 pauca
838 386 1015 426 addenda
1043 392 1145 427 sunt.
1170 386 1246 426 hoc
1273 389 1378 428 enim
1404 388 1490 428 loco
1522 388 1620 429 illud
1645 389 1795 430 dictum
1812 402 1894 430 ma-

327 454 423 492 ioris
443 454 633 492 momenti
655 465 742 492 esse
762 452 930 491 videtur.
958 451 1061 504 apud
1086 451 1361 505 Bacchylidem
1389 453 1549 506 quidem
1569 449 1619 509 (V
1635 452 1721 495 160
1735 450 1806 512 ss.)
1834 457 1900 496 in*

324 519 505 558 venimus
537 518 638 557 hanc
673 519 926 557 sententiam:
964 521 1172 558 θνατοῖσι
1207 517 1264 571 μὴ
1298 523 1438 571 φῦναι
1464 519 1678 573 φέριστον
1707 520 1801 561 κτλ.
1825 520 1898 561 uhi

321 583 500 626 condicio
527 589 588 623 est
612 584 727 623 haec:
754 582 946 622 Hercules
967 582 1015 622 ad
1035 583 1185 623 inferos
1206 583 1418 636 degressus
1439 586 1623 625 convenit
1641 598 1731 626 cum
1750 573 1899 626 Melea--

323 661 405 702 gr0‚
433 650 500 700 qui
521 661 624 700 eum,
650 655 694 688 ut
714 648 988 688 Deianiram
1013 653 1168 700 peteret
1185 661 1364 703 uxorem,
1391 656 1619 690 commovet.
1645 663 1746 703 quae
1765 650 1898 691 fabula

322 716 465 767 prisca,
493 716 638 767 quippe
667 727 767 767 quae
789 714 987 754 simillima
1008 719 1193 754 narretur
1218 726 1238 754 a
1264 714 1434 755 Pindaro
1460 720 1499 754 et
1523 715 1757 768 Phrynicho,
1782 728 1903 769 repe·

320 781 439 820 tenda
475 786 537 819 est
562 792 583 818 e
611 780 717 819 sonte
745 775 913 834 epit-02),
950 792 1093 832 nempe
1129 791 1176 819 ex
1203 775 1481 830 εΗρακλεόυς
1521 779 1779 833 καταβάσει,
1817 793 1896 834 qua

322 845 459 886 eadem
485 858 582 884 usus
609 851 670 884 est
696 846 813 884 etiam
842 840 1123 900 Sophocles³);
1151 857 1244 896 ergo
1271 850 1385 896 poeta
1411 846 1586 896 tragicus
1610 845 1717 885 illam
1737 857 1895 898 quoque

328 912 564 950 sententiam
599 910 709 962 legit,
743 909 813 950 sed
846 911 1102 949 commutavit
1132 915 1293 949 secutus
1325 909 1419 949 Hdti
1452 909 1676 962 exemplum
1709 915 1749 950 et
1772 912 1902 951 intro-

329 976 440 1016 duxit
477 975 609 1015 verbis
648 975 777 1028 λόγος
816 973 1006 1028 ἀρχαῖος.
1046 988 1135 1015 nam
1175 988 1265 1015 cum
1304 987 1494 1015 versuum
1531 976 1733 1016 contextui
1769 976 1906 1029 aptior

322 1042 442 1081 fuerit
465 1041 581 1094 plena
607 1042 709 1081 vitae
743 1040 977 1093 desperatio,
1015 1042 1267 1092 cognoscitur
1299 1041 1524 1080 coniunctio
1561 1046 1697 1092 postea
1736 1040 1896 1082 demum

322 1106 439 1146 illata.
490 1119 563 1145 nec
597 1106 760 1146 verbum
796 1106 926 1158 λόγος
965 1103 1145 1159 ἀρχαῖος
1182 1106 1328 1158 obstat,
1377 1107 1589 1158 quominus
1623 1107 1796 1158 tragicus
1834 1118 1905 1151 rer

324 1173 499 1224 spexerit
537 1171 685 1211 dictum
712 1171 867 1211 Solonis
893 1177 1095 1211 narratum
1122 1171 1169 1210 ab
1195 1167 1352 1226 Hdto.4)

740 1291 780 1329 C.
807 1292 878 1330 DE
905 1291 1187 1330 ELECTRAE
1213 1291 1299 1331 VV.
1329 1293 1514 1330 59—64.

390 1367 448 1406 Ad
493 1379 635 1407 novam
679 1369 953 1420 quaestionem
996 1369 1211 1407 transimus
1249 1367 1404 1407 Electra
1444 1367 1573 1407 fabula
1610 1368 1778 1408 oblatam
1817 1363 1905 1424 (vv,

327 1429 383 1472 59
434 1428 529 1488 64).
604 1481 650 1520 τί
672 1478 757 1533 γάρ
783 1493 836 1532 με
862 1482 992 1520 λυπεῖ
1016 1480 1157 1532 τοῦθ),
1185 1477 1292 1520 ὅταν
1318 1480 1435 1535 λόγῳ
1460 1478 1618 1521 θανὼν

604 1545 772 1598 ἔργοισι
800 1548 935 1585 σωθῶ
961 1542 1284 1598 κάξενέγκωμαι
1309 1542 1453 1599 midos-3

605 1610 721 1650 δοκῶ
749 1608 844 1663 μέν,
870 1608 1003 1651 οὐδὲν
1030 1609 1144 1664 ῥῆμα
1173 1611 1259 1651 σὺν
1283 1608 1431 1663 κε’ρὸει
1457 1610 1604 1651 κακόν.

600 1675 685 1728 ’ἤδη
713 1675 795 1729 γὰρ
824 1671 948 1716 εἶδον
972 1675 1182 1724 πολλάκις
1207 1675 1280 1716 καὶ
1305 1676 1409 1724 τοὺς
1434 1675 1604 1730 σοφοὺς

602 1740 717 1796 λόγῳ
744 1740 885 1794 μάτην
909 1736 1189 1795 θνῄσκοντας
1216 1751 1226 1762 ·
1254 1736 1353 1792 εἶθ’,
1380 1739 1488 1781 ὅταν
1513 1740 1679 1794 δόμους

598 1806 795 1846 ἔλθωσιν
821 1802 969 1858 αὖθις,
996 1805 1293 1859 ἐκτετιμηνται
1318 1804 1464 1846 πλέον.

392 1922 425 1964 1)
446 1920 511 1964 qui
531 1920 683 1964 quidem
714 1921 918 1955 accuratius
945 1920 1123 1955 scholium
1137 1921 1320 1965 inspiciet,
1341 1920 1448 1955 facile
1462 1923 1656 1965 cognoscet
1668 1921 1905 1956 scholiastam

333 1975 479 2020 (eodem
503 1975 614 2008 modo
640 1978 750 2017 atque
775 1975 823 2008 ad
849 1973 937 2008 Oed.
965 1972 1038 2008 Col.
1061 1985 1092 2008 v.
1115 1975 1198 2018 337>
1222 1985 1296 2008 non
1322 1985 1366 2009 ex
1385 1974 1467 2018 ipso
1486 1974 1583 2009 Hdto
1604 1974 1716 2009 verba
1733 1974 1909 2019 hausisse

329 2031 427 2072 (cum
453 2026 630 2062 Stobaeus
650 2027 820 2072 Florileg.
851 2030 957 2074 1058,
985 2027 1098 2061 verba
1122 2028 1168 2061 ad
1194 2039 1309 2062 unum
1334 2027 1460 2062 omnia
1485 2027 1716 2071 exscripserit
1729 2038 1773 2062 ex
1798 2026 1906 2062 Halissv

330 2080 575 2115 carnassensis
606 2080 791 2124 historia),
824 2080 961 2115 sedex
986 2079 1060 2115 alio
1087 2080 1277 2124 scriptore,
1310 2077 1374 2124 qui
1405 2080 1485 2124 ipse
1511 2081 1600 2114 Hdti
1631 2080 1726 2115 libro
1752 2091 1900 2116 onmem

332 2145 437 2169 suam
463 2133 653 2168 scientiam
679 2134 875 2168 debuisset.
908 2144 994 2168 nam
1019 2136 1163 2177 praeter
1187 2135 1401 2168 ornamenta
1424 2134 1606 2168 rhetorica
1630 2134 1669 2167 in
1689 2144 1732 2169 eo
1757 2135 1900 2168 tantum

330 2187 388 2221 sui
419 2187 510 2221 iuris
545 2189 616 2230 est,
651 2188 752 2231 quod
785 2198 1003 2231 responsum
1031 2187 1249 2232 Delphicum
1282 2187 1433 2231 praebet
1462 2187 1675 2222 hexametro
1699 2187 1900 2229 redactum,

331 2240 450 2275 Hdtus
479 2242 602 2275 autem
636 2241 799 2275 oratione
833 2241 948 2275 utitur
978 2240 1172 2276 indirecta:
1210 2241 1310 2285 quod
1341 2241 1493 2285 paulum
1525 2242 1611 2283 stat,
1644 2249 1726 2275 cum
1753 2240 1905 2286 singula

333 2293 514 2329 vocabula
538 2294 613 2329 iam
638 2294 775 2329 fuerint
797 2296 926 2338 parata
950 2303 992 2339 (c.
1015 2298 1059 2329 53
1086 2297 1122 2329 et
1140 2297 1200 2340 91)
1225 2296 1261 2329 et
1277 2294 1392 2338 Halys
1412 2294 1549 2329 flumen
1569 2294 1660 2338 quid
1679 2294 1905 2338 praestiterit

338 2346 479 2382 eluceat
503 2358 547 2382 ex
572 2359 600 2382 e.
629 2351 673 2383 28
700 2350 735 2382 et
761 2351 815 2382 75.

392 2404 428 2440 2)
455 2401 497 2435 cf.
526 2400 673 2444 Robert‚
699 2401 821 2435 Herm.
843 2404 888 2435 33
915 2402 1036 2446 (1898)
1062 2413 1097 2445 p.
1127 2405 1192 2435 151
1215 2411 1261 2436 ss.
1290 2404 1367 2436 157.

396 2455 430 2498 3)
457 2454 499 2488 cf.
527 2453 689 2496 Norden,
715 2454 901 2498 Vergilius
927 2454 1062 2489 Aeneis
1087 2453 1137 2489 VI
1162 2455 1283 2500 (1903)
1308 2466 1344 2498 p.
1371 2458 1428 2499 52.

391 2508 425 2551 4)
453 2507 500 2541 ad
526 2510 728 2542 extremum
754 2506 865 2542 affero
891 2509 981 2552 trag.
1003 2508 1131 2552 fragm.
1154 2508 1279 2551 adesp.
1300 2510 1386 2542 613:
1411 2507 1513 2548 τέλος
1545 2506 1615 2551 ὅρα
1650 2512 1795 2552 μακροῦ
1815 2506 1906 2554 βίου·

330 2560 445 2605 (apud
465 2559 685 2602 Nauckium,
711 2562 803 2605 trag.
831 2560 916 2595 dict.
943 2561 1018 2596 ind.
1047 2564 1138 2596 1892
1164 2572 1200 2604 p.
1219 2559 1348 2603 XXXI,
1375 2559 1439 2604 qui
1466 2560 1605 2595 similes
1630 2560 1730 2595 locos
1755 2559 1907 2596 exhibet

332 2613 565 2657 complures).
591 2634 637 2639 —
662 2625 729 2648 nec
754 2624 902 2659 prorsus
928 2614 1090 2648 alienum
1116 2613 1296 2656 existimo,
1323 2613 1422 2658 quod
1449 2613 1494 2647 de
1520 2612 1739 2658 Sophocle
1763 2613 1906 2648 iudicat

331 2665 560 2710 Phrynichus
586 2667 746 2702 comicus
772 2668 811 2701 in
837 2670 1003 2703 Μουσῶν
1028 2667 1171 2710 fabula,
1198 2677 1309 2708 quam
1343 2670 1560 2712 συγκαθῆκε
1585 2673 1662 2708 τοῖς
1691 2666 1911 2714 Βατράχοις..

332 2720 374 2753 ut
398 2720 606 2755 observavit
630 2721 784 2765 scriptor
815 2721 1023 2765 argumenti
1050 2720 1138 2756 Oed.
1166 2719 1252 2763 Col„
1285 2720 1349 2764 qui
1381 2720 1447 2754 hos
1474 2731 1518 2754 ex
1544 2731 1588 2755 ea
1611 2732 1738 2756 versus
1763 2719 1903 2756 attulit:

331 2771 456 2816 μάκαρ
484 2773 713 2819 Σοφοκλέης,
746 2773 786 2815 ὃς
816 2774 934 2809 πολὺν
965 2773 1103 2819 χρόνον
1133 2774 1239 2819 βιοὺς
1263 2773 1470 2816 ἀπέθανεν,
1497 2772 1687 2819 εὐδαίμων
1712 2773 1808 2818 ἀνήρ
1839 2773 1905 2809 καὶ

332 2824 462 2868 δεξιός.
489 2827 613 2862 nescio
646 2838 693 2862 an
725 2827 884 2862 comicus
913 2827 1114 2871 respexerit
1143 2827 1237 2861 illud
1269 2826 1433 2870 verbum,
1460 2837 1532 2871 quo
1558 2828 1719 2873 tragicus
1743 2827 1911 2872 maximo

331 2879 530 2914 delectatus
556 2882 642 2914 erat.
