2106 3320
816 190 1140 234 —123—-

95 310 100 317 ’
182 308 225 362 ἆ
243 310 373 365 ὡς]
403 310 558 362 ἐκείνω
574 318 669 362 τοῖς
689 310 739 354 ἐν
759 310 972 369 Αἰγύπτῳ
993 312 1148 365 νόμοις
1167 310 1308 366 φύσιν
1326 309 1667 353 κατεικασθέντε
1686 309 1757 352 καὶ

111 372 164 390 ff
182 378 289 437 ’ὢν
306 377 488 434 τροφάς.
513 385 552 420 et
572 379 645 431 l'rg.
665 375 773 419 432:
801 374 1027 419 Σκυθιστὶ
1046 377 1367 431 χειρόμακτρον
1385 373 1704 431 ἐκδεδαρμένος
1722 377 1760 419 h.

43 443 79 511 j
131 455 134 459 '
183 457 223 489 ο.
250 457 363 489 more
389 444 635 498 Scytharum.
667 443 755 484 aliis
788 443 950 496 quidem
982 442 1081 483 locis
1107 443 1342 496 Sophoclem
1375 444 1570 496 pressisse
1596 444 1761 494 vestigia

184 510 369 554 historici
393 522 473 552 non
499 515 634 563 aperte
661 510 920 562 significatur,
947 508 1018 549 sed
1044 522 1090 549 ex
1119 510 1204 562 ipsa
1232 521 1274 549 re
1300 510 1397 549 satis
1423 508 1527 549 clare
1554 508 1696 549 elucet.

245 575 302 619 Dc
328 582 554 630 temporum
579 587 673 615 vero
699 574 852 626 ordine,
877 574 1023 627 quibus
1050 573 1141 615 Hdti
1168 575 1208 614 in
1229 574 1437 627 Sophoclis
1462 573 1678 627 tragoediis
1696 586 1761 614 ve-

186 643 304 696 stigia
321 646 628 695 cognoscuntur,
648 640 746 681 haec
767 642 850 681 fere
864 641 1162 681 constituimus:
1183 641 1345 680 maximi
1359 641 1549 680 momenti
1564 645 1638 691 est,
1657 638 1762 693 quod

184 709 266 751 iam
296 708 339 748 in
363 707 494 747 Aiacis
520 705 726 759 prologum
754 706 933 746 historici
959 707 1186 758 auctoritas,
1217 705 1311 746 licet
1335 704 1463 745 oblata
1490 711 1597 745 esset
1622 706 1762 746 recita-

187 771 364 815 tionibus
390 775 471 814 τοῦ
497 770 677 824 πρώτου
702 771 840 824 λόγου
868 769 1070 812 Λυδικοῦ
1096 770 1268 824 publicis
1294 776 1361 810 aut
1384 772 1561 823 privatis,
1593 769 1762 811 valuisse

186 834 392 892 videtur.¹)
428 842 566 878 contra
593 837 642 877 ad
669 838 885 889 Antigonae
912 848 1051 876 versus
1078 835 1372 889 componendos
1400 831 1454 890 (a.
1478 833 1567 876 442
1594 837 1676 876 sive
1702 837 1762 876 in-

186 908 306 945 eunte
324 900 434 956 441)
461 904 635 955 tragicus
662 903 701 943 in
730 902 911 943 manibus
937 901 1076 942 habuit
1096 901 1201 942 illam
1223 901 1315 941 libri
1335 902 1444 942 tertii
1468 898 1625 954 (λόγου
1644 902 1762 954 Περ-

185 965 335 1023 σικοῦ)
368 968 575 1008 historiam
608 967 751 1008 litteris
784 967 1018 1008 mandatam.
1058 966 1200 1007 deinde
1227 968 1268 1007 in
1294 966 1451 1007 Electra
1482 972 1521 1007 et
1546 966 1642 1007 Oed.
1667 966 1762 1019 Reg.

186 1033 401 1088 tragoediis
433 1032 672 1086 compluries
705 1026 952 1073 nau-'rationes
984 1032 1165 1072 historici
1198 1031 1488 1084 redintegratae
1515 1038 1618 1072 sunt.
1657 1044 1762 1073 com-

184 1111 299 1155 paro:
330 1098 388 1140 ΕΙ.
415 1111 473 1139 vv,
500 1096 684 1139 59—64:
712 1098 800 1139 lldt,
827 1098 875 1138 lv
899 1096 966 1149 14,
993 1094 1068 1151 953
1093 1095 1308 1138 417-23:
1334 1097 1350 1138 1
1375 1095 1476 1151 1083
1509 1095 1597 1138 445
1623 1094 1688 1151 (—
1716 1098 1762 1138 fr.

184 1162 311 1219 432):
337 1164 386 1205 tv
404 1161 480 1218 643
508 1161 611 1205 702:
638 1163 685 1203 iv
709 1161 804 1204 189.
830 1163 926 1204 Oed.
946 1163 990 1203 R.
1011 1160 1116 1203 387:
1142 1162 1193 1203 111
1214 1161 1268 1203 61
1285 1175 1356 1217 ss.;
1382 1159 1565 1203 981-2:
1592 1163 1638 1203 Vl
1660 1161 1763 1217 1073

188 1227 429 1273 1528-30:
455 1227 568 1282 1323
594 1241 686 1269 cum
713 1228 832 1269 dubio
858 1226 916 1269 25
936 1241 1006 1268 ss.:
1032 1225 1173 1268 11165.
1207 1227 1313 1280 quod
1339 1227 1499 1281 quidem
1520 1234 1634 1281 poeta
1655 1228 1762 1268 vide·

191 1301 260 1338 tur
282 1296 515 1338 memoriam
536 1299 718 1347 repetere
739 1295 884 1334 somnii
904 1293 1082 1347 Hippiae,
1109 1306 1156 1334 ex
1183 1306 1229 1333 eo
1255 1293 1339 1334 solo
1365 1293 1547 1334 concludi
1574 1307 1652 1334 non
1678 1300 1763 1347 pot·

184 1367 247 1402 ost
277 1362 356 1402 iam
380 1365 467 1400 tum
494 1361 686 1413 temporis
712 1359 859 1400 librum
880 1359 940 1399 VI.
960 1361 1001 1400 in
1022 1359 1159 1410 volgus
1186 1371 1274 1399 esse
1295 1358 1458 1400 editum.
1484 1372 1649 1412 prorsus
1669 1372 1762 1400 vero

185 1438 371 1481 oppugno
391 1427 619 1478 opinionem
641 1438 791 1477 eorum,
817 1426 886 1478 qui
912 1420 1139 1479 censeant¹)
1166 1424 1361 1465 Electram
1389 1424 1560 1465 fabulam
1586 1430 1671 1465 tum
1697 1425 1763 1465 de·

185 1503 296 1533 mum
315 1503 403 1532 esse
424 1496 564 1542 actam,
585 1503 674 1531 cum
696 1492 830 1531 cuncti
853 1490 944 1530 libri
964 1489 1082 1530 Hdtei
1103 1489 1151 1530 ad
1172 1491 1291 1530 linem
1311 1489 1494 1543 perducti
1514 1496 1554 1531 et
1572 1492 1613 1530 in
1633 1490 1762 1531 lucem

185 1556 357 1598 fuissent
386 1556 498 1597 editi.
536 1556 629 1596 huic
662 1557 793 1608 aetati,
826 1569 901 1608 qua
935 1555 1062 1596 Hdtus
1093 1555 1308 1608 plurimum
1340 1555 1492 1596 valebat
1524 1558 1563 1596 in
1596 1562 1763 1609 poetam,

186 1622 305 1664 otiam
325 1617 614 1674 Ἀλέξανδρος
639 1627 678 1661 et
702 1620 831 1674 Τυρώ
859 1620 1085 1673 tragoediae
1112 1620 1346 1661 tribuendae
1374 1627 1476 1661 sunt.
1512 1623 1762 1674 insequentia

186 1686 379 1728 dramata:
404 1686 590 1727 Trachin.
616 1692 657 1726 et
676 1686 840 1727 Philoct.
867 1688 993 1739 magis
1020 1688 1164 1726 iterum
1186 1692 1323 1727 carent
1342 1688 1531 1739 vestigiis„
1557 1700 1648 1727 cum
1668 1699 1762 1727 aevo

185 1757 389 1807 postremo
414 1750 512 1792 Oed.
538 1751 619 1792 Col.
646 1764 769 1792 unum
801 1753 1070 1792 certissimum
1103 1751 1291 1804 praebeat
1317 1754 1587 1793 testimonium
1614 1765 1635 1793 e
1661 1752 1763 1792 libro

185 1816 231 1859 ΙΙ.
258 1819 439 1871 petitum.
477 1829 608 1870 neque
643 1830 735 1858 vero
768 1817 840 1857 hac
876 1830 918 1857 re
950 1819 1178 1857 confirmari
1212 1817 1452 1858 crediderim
1484 1831 1551 1858 eas
1577 1820 1762 1869 rationes,

186 1882 332 1937 quibus
357 1882 423 1924 illa
451 1882 574 1923 altera
600 1881 815 1935 Oedipodis
843 1882 1042 1935 tragoedia
1085 1882 1285 1923 tribuatur
1318 1883 1411 1923 belli
1438 1883 1761 1936 Peloponnesiaci

185 1949 305 1990 aetati
328 1949 408 1989 iam
433 1948 600 1989 ineunti.

245 2012 324 2055 Sed
355 2026 474 2055 unam
507 2025 590 2054 rem
623 2012 768 2054 addere
794 2014 893 2054 mihi
923 2013 1058 2054 liceat:
1092 2015 1278 2066 quoniam
1305 2014 1411 2053 enim
1439 2013 1663 2066 complures
1689 2015 1762 2054 viri

186 2074 336 2128 docti&
363 2078 510 2120 Hdtum
536 2078 658 2119 libros
685 2080 897 2132 septimum
924 2086 1105 2119 octavum
1132 2091 1278 2119 nouum
1306 2081 1578 2132 composuisse
1598 2085 1765 2119 censent

184 2145 356 2198 primos,
389 2143 484 2197 quid
511 2144 616 2197 quod
644 2157 690 2184 ex
717 2144 779 2184 his
805 2143 920 2185 libris
947 2144 1053 2185 nulla
1080 2145 1163 2184 sere
1190 2144 1368 2197 exempla
1396 2146 1619 2184 invenimus
1645 2157 1667 2184 a
1693 2144 1762 2184 So—

185 2209 327 2263 phocle
360 2207 578 2250 translata?
618 2210 681 2249 hic
715 2209 816 2250 valet
849 2209 923 2250 alia
956 2211 1074 2250 ratio:
1113 2222 1282 2262 namque
1316 2210 1377 2249 his
1409 2210 1559 2249 ultimis
1586 2210 1763 2250 historiis

187 2279 408 2316 tractantur
435 2287 498 2315 res
525 2288 545 2315 a
572 2275 734 2316 Graecis
762 2277 802 2315 in
829 2277 1048 2316 continenti
1080 2274 1347 2315 habitantibus
1374 2281 1520 2327 gestae.
1559 2287 1603 2314 ea
1631 2281 1762 2315 autem

186 2338 290 2381 bella
311 2339 516 2382 Medorum
545 2346 587 2381 ut
614 2347 957 2392 commemoraret,
982 2340 1087 2381 haud
1114 2340 1315 2393 indigebat
1341 2341 1516 2392 tragicus
1535 2341 1651 2380 amici
1672 2354 1763 2381 auc-

188 2406 364 2457 toritate3
390 2411 429 2445 et
455 2418 555 2458 quae
581 2405 656 2447 sub
683 2408 860 2447 omnium
889 2419 1012 2459 paene
1033 2405 1159 2446 oculis
1180 2406 1295 2458 paulo
1317 2412 1406 2446 ante
1427 2406 1605 2446 confecta
1626 2412 1666 2446 et
1685 2405 1762 2446 cla-

190 2470 346 2511 rissima
366 2469 553 2511 historiae
573 2470 662 2512 luce
683 2478 797 2512 erant
817 2472 1023 2523 illustrata,
1045 2484 1122 2511 non
1145 2472 1258 2511 facile
1278 2471 1498 2512 offerebant
1512 2473 1634 2511 miras
1648 2484 1762 2524 quas-

191 2533 279 2576 dam
308 2546 372 2575 res
397 2540 465 2575 aut
490 2534 640 2589 dignati,
667 2550 767 2590 quae
795 2537 1058 2578 redderentur
1085 2538 1185 2577 rama
1213 2537 1400 2578 sabulosa.
1440 2536 1539 2577 nihil
1568 2538 1689 2589 igitur
1715 2539 1762 2577 de

190 2604 329 2651 aetate,
354 2612 430 2653 qua
457 2600 521 2641 illa
547 2604 680 2655 operis
709 2602 889 2643 historici
918 2615 1007 2655 pars
1035 2609 1211 2643 extrema
1239 2604 1289 2643 sit
1310 2604 1540 2655 composita,
1567 2602 1658 2642 inde
1679 2603 1762 2642 elii—

189 2666 304 2706 citur.

253 2782 287 2825 1)
311 2780 355 2817 ef.
381 2791 427 2817 ea
450 2791 544 2827 quae
569 2793 681 2828 supra
706 2783 866 2818 diximus
893 2794 927 2828 p.
951 2787 995 2819 66
1022 2784 1105 2819 adn.
1134 2788 1164 2818 3.

249 2835 286 2877 2)
310 2832 412 2870 velut
435 2832 733 2880 Christ-Sohund,
759 2835 820 2873 Gr.
848 2836 914 2872 Lit.
944 2836 990 2872 1⁵
1010 2840 1089 2872 316.

251 2887 287 2931 8)
311 2887 564 2933 recentissimi,
588 2889 628 2925 ui
647 2890 765 2934 fallor,
785 2890 827 2926 R.
843 2890 900 2926 W.
916 2890 1043 2926 Maean
1065 2890 1198 2934 (ildtua
1220 2891 1334 2926 books
1358 2895 1447 2926 ῖ--Θ
1473 2893 1562 2926 1908
1582 2902 1616 2936 p.
1640 2896 1683 2926 46
1699 2901 1762 2931 as.)

190 2941 227 2974 et
250 2938 378 2975 Sitxler
403 2940 519 2984 (Burs.
548 2953 630 2979 ann.
661 2947 726 2978 1⁴7
757 2948 847 2979 1⁹10
874 2956 908 2989 p.
930 2947 975 2980 80
991 2949 1043 2980 s).
