2106 3320
986 218 1310 260 —118—

362 338 656 393 προκάλυμμα
673 336 864 392 (utSoph.
880 339 936 378 ΕΙ.
952 336 1070 393 525),
1091 339 1147 378 El.
1163 353 1196 379 v,
1212 337 1298 380 682
1319 340 1395 379 sibi
1415 337 1673 394 vult‘decus’,
1693 343 1797 395 quod
1817 343 1932 383 intel-

364 406 510 457 legitur
536 418 581 445 ex
604 404 697 444 Hdti
719 404 850 444 verbis
872 405 900 442 V
921 402 994 444 28:
1021 403 1047 457 ἡ
1067 404 1267 457 Μίλητος
1286 427 1332 433 -
1351 410 1428 458 τῆς
1440 402 1610 459 Ἰωνίης
1628 401 1683 459 ἦν
1702 407 1931 461 πρόσχημα

365 467 434 522 (cf.
462 470 610 522 Kugler
635 483 672 522 p.
693 467 719 509 8
735 466 797 524 s.).
837 469 1003 509 Kaihel
1031 469 1190 522 quidem
1216 471 1321 510 inter
1345 476 1559 523 utrumque
1585 471 1714 511 locum
1741 472 1932 513 discernit

369 549 427 587 eo,
450 535 554 587 quod
569 532 778 583 Ἑλλάδος
797 536 1020 586 genetivum
1042 536 1271 586 partitivum
1291 548 1379 576 esse
1399 542 1517 587 negat
1535 533 1604 591 (ad
1624 537 1680 576 El.
1698 534 1817 593 680),
1837 550 1931 590 quo-

363 602 468 640 niam
496 600 676 652 Olympia
701 613 776 640 nec
801 600 937 652 Pythia
965 600 1189 640 clarissima·
1207 602 1314 640 inter
1334 600 1504 642 Graecos
1531 603 1678 642 fuerint
1704 605 1932 644 certamina.

364 668 473 718 atqui
498 667 573 705 isto
600 665 685 705 loco
711 667 981 705 miserrimum
1007 665 1140 705 herois
1165 667 1371 706 interitum
1397 679 1550 707 summo
1578 680 1769 708 exornare
1791 668 1932 709 decore

364 733 506 782 tragici
531 732 739 770 intererat:
766 732 800 770 is
824 743 916 770 vero
943 732 1023 782 qui,
1050 744 1139 770 cum
1160 738 1341 784 posterae
1361 734 1500 772 aetatis
1520 734 1698 773 instituta
1724 735 1933 774 vetustiori

364 796 568 848 tribueret,
601 802 779 848 tempora
811 796 1121 848 perturbaverat,
1154 809 1202 836 ne
1235 797 1331 836 haec
1364 797 1527 849 quidem-
1549 799 1717 850 insignia
1744 811 1931 851 respuere

366 862 542 902 debehat

424 927 567 967 Contra
601 927 704 967 idem
732 929 792 966 vir
825 927 1078 967 doctissimus
1109 928 1302 978 tragicum
1335 928 1501 980 singulis
1533 930 1574 968 in
1598 929 1799 969 vocabulis
1825 929 1933 969 adhi-

364 993 456 1032 bitis
489 993 663 1044 pendere
691 998 828 1032 censet
854 1006 900 1032 ex
926 993 1106 1032 historici
1133 994 1303 1044 scriptis.
1343 994 1464 1033 affero
1491 996 1764 1034 commentarii
1788 1007 1825 1047 p.
1849 993 1934 1035 134

365 1058 412 1097 ad
438 1071 471 1098 v.
497 1055 605 1098 409.-
632 1056 690 1097 ‘es
717 1060 769 1097 ist
793 1058 864 1097 wol
893 1058 986 1098 kein
1007 1057 1143 1110 Zufall,
1171 1057 1255 1097 dass
1281 1058 1425 1110 gerade
1445 1059 1534 1099 Hdt.
1560 1058 1778 1100 besonders
1804 1061 1861 1099 oft
1887 1056 1934 1101 ἐκ

366 1125 428 1163 fiir
453 1121 540 1163 ὑπό
566 1124 673 1163 heim
692 1123 827 1163 Passiv
853 1123 1022 1163 hraucht
1046 1137 1084 1163 u.
1112 1136 1186 1163 von
1215 1123 1290 1163 den
1311 1123 1530 1175 Tragikern
1550 1124 1736 1164 niemand
1756 1126 1859 1165 oster
1877 1125 1934 1165 als

366 1191 451 1228 sein
487 1188 646 1228 Freund
680 1203 718 1229 u.
751 1188 1020 1228 Bewunderer
1052 1187 1197 1241 Soph.’.
1243 1201 1316 1228 nec
1349 1201 1442 1228 vero
1476 1202 1562 1229 eam
1598 1192 1933 1230 constructionem

367 1255 603 1306 praesertim
629 1254 744 1306 Iadis,
770 1260 814 1294 ut
838 1254 1006 1305 videtur,
1033 1256 1246 1306 propriam,
1272 1256 1306 1293 si
1326 1254 1481 1294 Ionicae
1509 1254 1665 1295 dialecti
1692 1255 1934 1295 studiosissi-

367 1333 455 1359 mus
475 1321 727 1372 potissimum
747 1326 923 1372 usurpat,
946 1319 1169 1359 mirandum
1190 1324 1261 1371 est,
1281 1332 1410 1371 neque
1431 1325 1605 1371 apertam
1621 1321 1800 1373 suspicor
1813 1321 1934 1360 histo-

365 1386 438 1424 rici
461 1381 785 1441 auctoritatem.¹)

425 1451 543 1502 Atqui
574 1450 665 1489 talia
698 1449 886 1489 vocabula
919 1451 1023 1489 inter
1055 1462 1097 1489 se
1131 1456 1353 1502 comparata
1386 1456 1470 1490 tum
1498 1451 1654 1490 demum
1682 1451 1831 1491 faciunt
1857 1451 1934 1491 dis-

366 1518 529 1568 crimen,
562 1518 596 1555 si
629 1520 784 1555 exstant
816 1528 860 1555 eo
888 1515 984 1566 loco,
1018 1517 1086 1567 qui
1111 1515 1206 1554 alias
1233 1528 1389 1567 quoque
1416 1516 1465 1555 ob
1492 1529 1628 1556 causas
1654 1522 1816 1568 putetur
1839 1529 1935 1569 pen-

367 1582 459 1621 dere
487 1594 533 1621 ex
560 1582 748 1621 historico
771 1586 837 1620 aut
857 1581 1007 1620 similes
1026 1580 1214 1632 praebeat
1233 1580 1486 1620 condiciones
1513 1586 1630 1633 atque
1657 1581 1856 1634 exemplar
1876 1573 1935 1621 lo-

367 1648 512 1686 nicum.
540 1647 631 1686 talia
657 1648 734 1686 iam
762 1646 963 1698 complura
990 1646 1310 1698 significavimus.
1350 1646 1500 1686 similes
1526 1646 1632 1686 locos
1659 1659 1765 1687 nunc-
1792 1646 1935 1687 adicie-

366 1725 466 1764 mus,
494 1712 638 1764 quibus
664 1725 743 1752 non
768 1724 891 1751 unum
916 1711 1161 1764 vocabulum,
1187 1711 1257 1751 sed
1282 1711 1492 1751 verborum
1514 1718 1719 1752 contextus
1740 1712 1935 1753 decernat.

849 1832 896 1870 D.
922 1831 994 1869 DE
1021 1830 1161 1869 VOCE
1196 1830 1449 1870 ΤΡΕΣΑΣ.

426 1914 603 1953 Primum
631 1926 742 1965 agam
771 1913 816 1953 de
843 1926 937 1953 voce
963 1910 1119 1966 τρέσας
1146 1909 1260 1967 (Oed.
1287 1913 1366 1952 Col.
1391 1910 1544 1969 1419):

652 1984 743 2026 πῶς
768 1977 851 2030 γὰρ
879 1973 1013 2026 αὖθις
1039 1973 1094 2018 αὖ
1121 1974 1241 2033 (coni.
1269 1974 1343 2033 ἂν)
1370 1975 1504 2018 πάλιν

654 2041 884 2097 στράτευμ’
912 2043 1063 2096 ἄγοιμι
1088 2041 1251 2084 ταύτὸν
1277 2040 1458 2092 εἰσάπαξ
1481 2041 1652 2096 τρέσας;

369 2123 486 2161 quam
507 2109 667 2149 Classen
679 2106 712 2163 ²)
740 2109 906 2148 contulit
932 2122 1021 2149 cum
1041 2108 1134 2148 Hdti
1161 2109 1207 2148 de
1227 2108 1475 2148 Aristodemo
1501 2111 1725 2149 narratione
1746 2110 1811 2149 vn
1831 2107 1936 2150 231:

368 2172 674 2227 ἀπονοστήσας
700 2172 743 2222 ἐς
767 2173 1077 2227 Λακεδαίμονα
1103 2171 1126 2214 ὁ
1152 2171 1458 2226 Ἀριστόδημος
1483 2172 1656 2221 ὄνειδός
1681 2187 1726 2213 τε
1753 2169 1839 2227 εἶχε
1863 2171 1936 2215 καὶ

368 2238 557 2292 ἀτιμίην.
592 2263 634 2268 -
672 2239 845 2287 ὄνειδός
876 2253 921 2279 τε
954 2233 1040 2293 εἶχε
1067 2237 1090 2279 ὁ
1117 2235 1304 2292 τρέσας
1324 2234 1639 2291 Ἀριστόδημος
1663 2238 1937 2292 καλεόμενος.

370 2306 513 2345 dixerit
544 2307 739 2358 quispiam
771 2306 865 2345 huic
895 2307 982 2345 voci
1013 2306 1213 2357 propriam
1244 2305 1376 2343 inesse
1407 2305 1486 2342 vim
1518 2303 1618 2353 ideo,
1654 2303 1758 2356 quod
1791 2305 1831 2354 ii,
1870 2305 1938 2357 qui

369 2383 540 2422 pugnam
577 2371 890 2422 supterfugerint
926 2376 964 2410 et
998 2370 1163 2422 reliquis
1194 2368 1361 2422 perditis
1393 2368 1466 2408 soli
1499 2368 1656 2408 domum
1690 2370 1938 2426 reverterint,

370 2436 555 2487 appellati
575 2437 655 2475 sint
675 2435 717 2476 οἱ
737 2433 969 2490 τρέσαντες
988 2436 1185 2487 imprimis
1206 2434 1309 2487 apud
1329 2434 1659 2473 Lacedaemonios
1668 2429 1721 2488 8);
1748 2433 1795 2473 ab
1815 2434 1938 2473 histo-

431 2540 464 2584 1)
492 2539 633 2573 cautius
653 2539 785 2574 Kaibel
811 2539 1012 2583 comparat:
1039 2549 1073 2573 v.
1095 2541 1139 2572 83
1166 2538 1381 2583 ἀρχηγετεῖν
1407 2538 1443 2571 et
1466 2536 1551 2571 Hdt.
1572 2536 1605 2570 II
1626 2539 1693 2571 123
1719 2536 1938 2581 ἀρχηγετεύ-

370 2605 437 2634 ειν,
464 2595 531 2626 461
558 2592 687 2637 ἀρωγὰ
712 2592 915 2637 ὑπουργεῖν
942 2593 977 2626 et
1002 2591 1084 2626 VIII
1105 2594 1171 2625 143
1198 2589 1335 2636 χρηστὰ
1360 2590 1573 2635 ὑπουργεῖν,
1602 2593 1669 2624 725
1697 2589 1733 2631 ἐξ
1759 2590 1938 2632 ὑποστρο-

370 2650 444 2690 φῆς
476 2648 511 2680 et
535 2646 584 2680 IV
612 2649 678 2680 129
711 2644 1043 2690 ὑποστρεφόμενοι,
1077 2648 1143 2679 732
1170 2643 1394 2689 ἀνοκωχεύει
1428 2645 1464 2677 et
1494 2643 1542 2677 VI
1571 2647 1637 2677 116
1670 2643 1735 2678 VII
1765 2646 1840 2678 100.
1871 2645 1939 2677 168

369 2699 539 2734 nauticae
564 2699 651 2733 artis
678 2699 909 2734 vocabulum.

431 2753 465 2796 2)
491 2752 599 2787 Verh.
628 2756 683 2787 27.
715 2750 966 2787 Philol.-Vers.
996 2754 1086 2786 1869
1112 2763 1147 2795 p.
1171 2754 1248 2786 114.

431 2807 465 2848 3)
493 2806 596 2839 cuius
626 2806 739 2840 moris
773 2807 882 2839 testes
916 2806 1000 2839 sunt
1030 2804 1205 2848 Tyrtaeus
1236 2804 1277 2838 fr.
1315 2807 1415 2849 1014:
1454 2802 1685 2846 τρεσσάντων
1717 2799 1754 2837 δ’
1789 2803 1940 2845 ἀνδρῶν

371 2856 462 2893 πᾶσ’
491 2856 652 2893 ἀπόλωλ’
684 2858 813 2903 ἀρετής
840 2858 1056 2892 Plutarchus
1077 2857 1185 2902 Ages.
1208 2861 1268 2891 30:
1295 2863 1372 2896 τοῖς
1398 2857 1439 2891 ἐν
1460 2861 1505 2901 τῇ
1534 2856 1629 2902 μάχῃ
1656 2855 1938 2890 καταδειλιάσα-

371 2923 443 2956 σιν,
470 2912 535 2951 οὓς
561 2912 667 2947 αὑτοὶ
693 2911 895 2955 τρέσαντας
922 2910 1180 2956 ὀνομάζουσιν,
1206 2909 1288 2953 Lyc.
1311 2914 1373 2943 21:
1404 2908 1513 2954 ψόγοι
1541 2915 1614 2944 τῶν
1639 2908 1858 2952 τρεσάντων.
1893 2908 1938 2943 cf.

370 2965 538 3009 Xenoph.
565 2977 640 3009 rep.
667 2965 795 3000 Laced.
825 2969 866 3011 94
883 2977 909 3000 S.
