2106 3320
935 140 1232 182 ..42-

360 263 493 316 Mayer
518 262 689 315 quidem,
715 267 761 301 ut
787 261 952 300 Roberti
973 261 1209 300 sententiam
1230 260 1387 312 refutet,
1412 266 1598 313 provocat
1616 260 1664 300 ad
1682 259 1869 300 Androm.

299 342 358 369 vv,
380 325 572 369 280-82
600 324 822 381 (exstantes
848 327 889 365 in
917 326 1068 365 cantico
1095 327 1173 365 iam
1200 321 1403 380 tractato);
1429 325 1491 365 his
1519 327 1625 365 enim
1649 325 1783 365 verbis
1808 326 1868 365 ni-

300 395 376 434 mis
402 394 619 445 significari
646 397 782 432 censet
807 390 1060 431 solitudinem
1081 391 1234 430 iuvenis
1255 390 1302 429 ab
1321 390 1526 430 hominum
1548 392 1786 430 commercio
1806 403 1867 430 se-

298 459 412 498 clusi.
444 459 518 498 hoc
545 462 776 509 argumento
796 455 896 496 nihil
915 455 1117 508 probatur,
1143 455 1204 495 vel
1225 457 1356 507 potius
1377 456 1613 507 expositioni
1633 454 1868 495 contradici-

300 530 382 564 tur:
416 536 505 563 nam
533 535 648 575 quem
676 527 855 574 pastores
886 521 1065 573 educant,
1091 522 1132 559 in
1162 533 1300 560 eorum
1329 522 1605 560 communione
1634 526 1706 572 est,
1731 526 1869 560 contra

299 589 405 628 filius
440 590 574 640 regius
600 600 672 640 per
699 600 741 627 se
769 592 855 627 stat.
885 587 1002 626 etiam
1029 585 1132 638 apud
1158 585 1387 638 Lucianum,
1420 598 1509 626 cum
1536 585 1736 637 legitimus
1761 586 1868 637 regis

299 654 405 694 filius
431 655 613 705 fingatur,
641 653 752 692 Paris
779 650 826 692 ἐν
852 649 1010 705 ἐρημίᾳ
1035 656 1093 690 est
1120 648 1182 703 (D.
1211 650 1245 691 d.
1272 648 1403 704 2013).

360 719 473 759 Nunc
500 720 575 759 iam
604 718 798 770 reliquum
811 714 898 769 'est,
923 722 968 756 ut
995 715 1171 756 dicamus
1198 715 1246 756 de
1273 728 1366 755 sene
1393 715 1472 767 illo,
1498 717 1566 768 qui
1592 715 1802 756 exhibetur
1825 716 1868 755 in

297 784 439 824 Troad.
467 798 501 824 v.
522 782 627 823 921:
654 780 677 823 ὁ
703 780 897 835 πρέσβυς
924 780 977 822 οὐ
998 779 1172 821 κτανὼν
1191 778 1367 835 βρέφος.
1394 781 1568 820 Troades
1595 780 1773 820 eiusdem
1797 781 1868 820 tri-

298 850 423 901 logiae
445 856 557 889 erant
577 854 692 901 atque
710 845 994 899 Ἀλέξανδρος
1013 846 1228 899 Euripidea
1255 843 1306 901 (a.
1327 843 1452 901 415):
1479 859 1572 898 ergo
1593 847 1711 885 etiam
1731 844 1869 885 eadem

299 914 429 955 fabula
455 920 539 954 erat
565 915 779 966 supposita.
808 914 917 964 atqui
942 911 1060 952 Henr.
1081 907 1258 967 Degen¹)
1285 914 1376 952 novi
1403 911 1552 968 aliquid
1571 912 1771 951 invenisse
1791 909 1869 951 sibi

299 979 468 1020 videtur.
495 992 585 1019 nam
613 981 767 1032 priores
795 978 957 1030 quidem
967 973 1001 1030 ²)
1029 979 1189 1017 nomine
1209 976 1460 1031 πρεσβύτου
1481 977 1591 1017 illum
1613 989 1769 1016 servum
1790 976 1868 1028 sig-

298 1046 454 1084 nificari
475 1050 718 1097 putaverant,
745 1045 809 1083 cui
829 1043 1022 1094 Priamus,
1050 1048 1094 1082 ut
1112 1043 1322 1095 puerulum
1342 1043 1598 1094 interficeret,
1624 1041 1870 1082 mandaverit

297 1117 339 1150 et
371 1111 439 1162 qui
470 1111 661 1149 infantem
688 1110 857 1148 servarit
882 1107 1157 1161 educaritque3
1191 1114 1230 1147 et
1255 1109 1430 1160 profecto
1455 1107 1575 1147 verba
1602 1109 1749 1160 optime
1775 1119 1868 1147 con-

297 1177 435 1215 venire
467 1175 652 1214 videntur
684 1187 774 1213 cum
801 1173 945 1225 Hygini
971 1172 1044 1211 fab.
1073 1170 1142 1224 91,
1175 1175 1360 1225 quoniam
1388 1172 1654 1212 interficiendi
1679 1184 1868 1224 praecep-

298 1246 383 1280 tum
411 1240 629 1280 adhibitum
657 1245 726 1279 est.
764 1244 900 1278 contra
919 1238 1053 1289 Degen
1079 1238 1144 1277 hic
1171 1237 1218 1277 ab
1240 1237 1428 1290 Euripide
1454 1236 1534 1278 τὸν
1554 1234 1752 1290 πρέσβυν
1770 1229 1862 1276 κατ’

298 1302 454 1359 ἐξοχήν
480 1305 668 1357 appellari
695 1308 846 1344 censet:
872 1303 1085 1342 Priamum.
1113 1315 1229 1354 quam
1256 1303 1303 1342 ad
1330 1304 1567 1342 sententiam
1593 1300 1866 1341 stabiliendam

301 1383 402 1422 quae
430 1375 661 1422 argumenta
689 1369 829 1420 attulit,
856 1381 996 1420 parum
1024 1373 1116 1407 sunt
1136 1368 1259 1406 firma.
1294 1368 1466 1419 primum
1486 1367 1591 1405 enim
1613 1378 1750 1405 omnes
1769 1366 1868 1406 anti-

297 1437 459 1487 quiores
493 1440 674 1475 auctores
707 1437 812 1474 inter
844 1447 886 1474 se
921 1434 1131 1473 concinere
1165 1432 1368 1472 contendit
1398 1436 1606 1472 narrantes
1633 1431 1821 1471 famulum
1847 1430 1872 1472 a

300 1513 393 1552 rege
418 1502 571 1540 iussum
600 1514 686 1540 esse
712 1499 894 1539 Paridem
923 1511 1132 1551 exponere,
1158 1510 1237 1537 non
1264 1497 1458 1537 occidere.
1495 1498 1603 1549 atqui
1630 1498 1665 1536 si
1690 1496 1870 1550 exempla

299 1566 473 1605 exhibita
507 1566 831 1618 contemplamur,
864 1564 1131 1615 intellegimus
1163 1575 1242 1602 non
1274 1568 1354 1603 tam
1387 1575 1524 1602 severe
1550 1574 1668 1614 posse
1695 1561 1869 1602 discerni

299 1636 513 1683 utrumque
534 1633 638 1670 inter
657 1630 903 1684 mandatum3
923 1629 1115 1682 puerulus
1137 1630 1243 1668 enim
1264 1641 1354 1668 cum
1374 1628 1514 1667 bestiis
1535 1628 1744 1679 exponitur
1757 1639 1869 1679 prae-

300 1695 383 1748 dae,
416 1697 534 1735 morti
560 1696 741 1747 traditur,
774 1701 813 1734 et
839 1701 945 1735 esset
970 1695 1216 1745 interfectuS,
1243 1694 1322 1733 nisi
1347 1698 1482 1745 pastor
1509 1692 1745 1732 obstitisset:
1776 1692 1869 1732 huic

299 1762 422 1812 igitur
442 1762 599 1800 crimini
621 1761 745 1812 datur,
766 1760 870 1812 quod
891 1760 1020 1799 infans
1042 1764 1219 1798 servatus
1240 1763 1301 1797 est
1320 1758 1368 1797 ad
1387 1758 1546 1797 Troiam
1567 1753 1867 1810 evertendam.⁸)

299 1875 378 1905 σοις
403 1864 585 1899 iudicium
610 1864 752 1898 Paridis
780 1863 986 1904 collocatur,
1013 1865 1049 1896 et
1072 1862 1151 1896 Hel.
1173 1865 1241 1896 676
1269 1863 1305 1896 et
1323 1861 1435 1895 Andr.
1456 1864 1542 1895 286:
1569 1861 1608 1894 id.
1627 1860 1742 1905 igitur
1760 1871 1869 1906 argu·

299 1919 465 1952 mentum
489 1918 667 1952 vetustius
692 1917 838 1951 videtur
863 1916 1100 1960 expositione.

362 1972 395 2016 1)
421 1971 461 2005 in
486 1971 627 2005 dissert.
655 1971 700 2004 de
726 1969 892 2004 Troianis
920 1968 1095 2003 scaenicis
1124 1971 1215 2003 1900
1241 1979 1277 2012 p.
1300 1971 1355 2002 21.

362 2025 396 2070 2)
422 2024 523 2059 velut
547 2024 685 2058 Robert
707 2035 743 2067 p.
766 2026 846 2065 235,
871 2022 1016 2057 Ulrichs
1041 2033 1078 2066 p.
1100 2025 1153 2056 16.

363 2078 396 2122 3)
423 2077 542 2122 Iphig.
557 2077 680 2111 Aulid.
701 2088 734 2111 v.
753 2079 844 2110 1285
865 2075 1016 2110 dieitur:
1044 2073 1213 2119 Πρίαμος
1234 2072 1300 2110 ὅθι
1318 2072 1407 2109 uota
1427 2072 1566 2120 βρέφος
1584 2072 1729 2108 ἁπαλὸν
1750 2072 1868 2119 ἔβαλε,

300 2131 368 2164 sed
395 2131 542 2164 additur
568 2128 629 2165 ἐπὶ
655 2129 755 2177 μόρῳ
780 2126 1078 2164 θανατόεντιε
1104 2128 1271 2163 Priamus
1297 2127 1411 2172 igitur
1434 2126 1628 2171 puerulum
1655 2127 1789 2170 exponi
1808 2137 1869 2160 cu·

299 2183 396 2218 ravit
418 2184 648 2226 moriturum,
680 2184 745 2227 qui
771 2184 897 2217 contra
922 2182 1000 2216 eius
1026 2181 1252 2216 voluntatem
1278 2183 1457 2223 servatum
1489 2182 1568 2214 tum
1594 2179 1867 2225 (Ps.-)Apollod.

301 2236 350 2271 ΠΙ
378 2240 443 2271 150
470 2236 527 2271 W.
554 2239 692 2272 narrat:
727 2234 899 2281 Πρίαμος
930 2256 974 2261 -
1006 2235 1047 2270 τὸ
1079 2234 1217 2281 βρέφος
1241 2234 1396 2270 δίδωσιν
1421 2234 1590 2270 ἐκθεῖναι
1616 2230 1739 2279 οἰκέτῃ
1765 2230 1869 2278 κομί·

299 2301 410 2325 σαντι
436 2290 488 2330 εἰς
505 2287 620 2334 Ἴδην.
659 2289 701 2325 τὸ
727 2290 768 2324 δὲ
794 2288 948 2325 ἐκτεθὲν
974 2288 1047 2323 ὑπὸ
1072 2288 1206 2323 τούτου
1232 2287 1371 2332 βρέφος
1394 2285 1507 2323 πένθ’
1532 2285 1670 2332 ἡμέρας
1688 2285 1760 2322 ὑπὸ
1780 2285 1868 2330 ἄρκ-

300 2356 367 2378 του
393 2342 546 2388 ἐτράφη.
583 2342 601 2378 ὁ
623 2342 664 2378 δὲ
684 2342 890 2388 σωζόμενον
910 2342 1028 2385 εὑρὼν
1049 2341 1272 2384 ἀναιρεῖταιε
1298 2342 1423 2386 pastor
1442 2350 1529 2385 ergo
1547 2350 1674 2375 revera
1691 2339 1868 2375 infantem

301 2396 486 2440 exposuit,
513 2398 554 2430 ut
583 2396 779 2438 occideret,
806 2398 842 2430 et
866 2395 1075 2437 occidisset,
1109 2394 1182 2429 nisi
1214 2394 1293 2429 eius
1324 2394 1370 2429 ab
1397 2404 1482 2428 ursa
1516 2393 1646 2428 nutriti
1682 2393 1869 2428 miseritus

302 2451 406 2484 esset.
438 2451 563 2493 pastor
587 2449 701 2494 igitur
725 2460 772 2484 ne
796 2449 917 2483 infans
942 2448 1019 2483 vita
1043 2448 1246 2491 decederet,
1270 2447 1471 2492 prohibuit,
1496 2457 1570 2481 non
1588 2447 1779 2483 interfecit.
1810 2457 1869 2482 ao-

300 2503 400 2537 cedit
424 2502 563 2547 Hygini
589 2502 853 2545 testimonium,
881 2501 946 2545 qui
972 2501 1004 2535 si
1028 2512 1102 2536 non
1128 2500 1329 2545 Euripidis,
1355 2503 1393 2535 at
1411 2502 1507 2535 certe
1526 2500 1657 2545 tragici
1677 2500 1869 2535 cuiusdam

302 2555 428 2590 fabula
452 2567 539 2590 usus
565 2558 703 2590 narrat:
733 2556 793 2581 ‘—
814 2555 1021 2590 Alexander
1046 2555 1153 2589 datur
1177 2554 1475 2589 interficiendus.’
1512 2564 1633 2595 neque
1658 2553 1870 2598 obloquitur

301 2608 499 2644 scholiasta
525 2610 585 2654 (ad
611 2609 721 2644 Andr.
749 2620 781 2644 v,
810 2611 892 2654 293)
918 2609 1080 2644 tradens:
1107 2609 1130 2654 ἡ
1157 2606 1198 2643 δὲ
1226 2607 1317 2652 (scil.
1333 2605 1489 2654 Ἑκάβη)
1516 2606 1694 2652 ἐξέθηκεν
1721 2605 1870 2652 (exponi

300 2662 456 2708 curavit)
489 2662 580 2698 αὐτὸ
613 2663 661 2708 μὴ
692 2664 858 2707 τολμῶσα
885 2662 994 2707 (ipsa)
1022 2667 1214 2707 φονεῦσαι,
1240 2661 1305 2696 καὶ
1330 2660 1420 2696 αὐτὸ
1446 2660 1570 2707 λαβὼν
1595 2659 1734 2705 ποιμὴν
1760 2660 1801 2695 ἐν
1824 2665 1868 2707 τῇ

302 2715 404 2763 πήρᾳ
428 2715 609 2759 τέθεικεν,
636 2715 735 2756 ὅπως
760 2715 975 2761 διατρέφοι;
1001 2717 1125 2760 pastor
1143 2714 1321 2749 infantem
1339 2713 1448 2749 morti
1469 2713 1644 2748 subduxit
1662 2714 1747 2760 [hoc
1765 2713 1868 2749 scho-

301 2769 395 2803 lium
420 2770 658 2813 repetendum
690 2780 768 2804 esse
795 2781 814 2803 e
841 2769 1044 2814 Sophoclea.
1067 2768 1194 2803 fabula
1218 2767 1314 2802 insta
1337 2767 1581 2814 videbimus];
1613 2767 1670 2801 his
1696 2765 1868 2801 omnibus

303 2821 500 2857 enuntiatis
534 2823 703 2857 convenit
732 2834 858 2857 versus
885 2823 1076 2857 Androm.:
1112 2822 1237 2866 pastor
1261 2820 1404 2864 infanti,
1437 2832 1559 2865 quem,
1591 2822 1631 2854 ut
1657 2831 1676 2855 e
1701 2819 1778 2855 vita
1801 2819 1869 2854 tol-

301 2875 403 2917 leret,
430 2877 627 2920 acceperat,
652 2875 826 2920 pepercit.
