<?xml version="1.0" encoding="UTF-8"?>
<!DOCTYPE html PUBLIC "-//W3C//DTD XHTML 1.0 Transitional//EN"
    "http://www.w3.org/TR/xhtml1/DTD/xhtml1-transitional.dtd">
<html xmlns="http://www.w3.org/1999/xhtml" xml:lang="en" lang="en">
 <head>
  <title>
</title>
<meta http-equiv="Content-Type" content="text/html;charset=utf-8" />
  <meta name='ocr-system' content='tesseract 3.04.00' />
  <meta name='ocr-capabilities' content='ocr_page ocr_carea ocr_par ocr_line ocrx_word'/>
</head>
<body>
  <div class='ocr_page' id='page_1' title='image "./sophoclesquiddeb00rascuoft_0066.png"; bbox 0 0 2106 3320; ppageno 0'>
   <div class='ocr_carea' id='block_1_1' title="bbox 975 152 1270 195">
    <p class='ocr_par' dir='ltr' id='par_1_1' title="bbox 975 152 1270 195">
     <span class='ocr_line' id='line_1_1' title="bbox 975 152 1270 195; baseline -0.003 -11"><span class='ocrx_word' id='word_1_1' title='bbox 975 152 1270 195; x_wconf 77' lang='grc'>...56-</span> 
     </span>
    </p>
   </div>
   <div class='ocr_carea' id='block_1_2' title="bbox 339 272 1913 459">
    <p class='ocr_par' dir='ltr' id='par_1_2' title="bbox 339 272 1913 459">
     <span class='ocr_line' id='line_1_2' title="bbox 339 272 1912 320; baseline -0.004 -1"><span class='ocrx_word' id='word_1_2' title='bbox 339 279 610 320; x_wconf 82' lang='lat' dir='ltr'>narrationem</span> <span class='ocrx_word' id='word_1_3' title='bbox 641 275 919 316; x_wconf 85' lang='lat' dir='ltr'>inveniendam</span> <span class='ocrx_word' id='word_1_4' title='bbox 951 279 1020 314; x_wconf 88' lang='lat' dir='ltr'>aut</span> <span class='ocrx_word' id='word_1_5' title='bbox 1058 273 1196 314; x_wconf 88' lang='lat' dir='ltr'>saltem</span> <span class='ocrx_word' id='word_1_6' title='bbox 1241 272 1509 313; x_wconf 84' lang='lat' dir='ltr'>exornandam</span> <span class='ocrx_word' id='word_1_7' title='bbox 1548 272 1719 314; x_wconf 86' lang='lat' dir='ltr'>Naevius</span> <span class='ocrx_word' id='word_1_8' title='bbox 1753 273 1912 313; x_wconf 90' lang='lat' dir='ltr'>demum</span> 
     </span>
     <span class='ocr_line' id='line_1_3' title="bbox 339 335 1913 396; baseline -0.003 -13"><span class='ocrx_word' id='word_1_9' title='bbox 339 347 542 396; x_wconf 84' lang='lat' dir='ltr'>praetexta</span> <span class='ocrx_word' id='word_1_10' title='bbox 574 353 645 381; x_wconf 88' lang='lat' dir='ltr'>sua</span> <span class='ocrx_word' id='word_1_11' title='bbox 676 340 807 381; x_wconf 84' lang='lat' dir='ltr'>sabula</span> <span class='ocrx_word' id='word_1_12' title='bbox 834 340 1045 380; x_wconf 78' lang='lat' dir='ltr'>‘Alimonia</span> <span class='ocrx_word' id='word_1_13' title='bbox 1074 339 1189 379; x_wconf 87' lang='lat' dir='ltr'>Remi</span> <span class='ocrx_word' id='word_1_14' title='bbox 1223 343 1262 378; x_wconf 89' lang='lat' dir='ltr'>et</span> <span class='ocrx_word' id='word_1_15' title='bbox 1287 335 1460 378; x_wconf 87' lang='lat' dir='ltr'>Romuli&#39;</span> <span class='ocrx_word' id='word_1_16' title='bbox 1487 350 1572 378; x_wconf 88' lang='lat' dir='ltr'>rem</span> <span class='ocrx_word' id='word_1_17' title='bbox 1607 335 1913 393; x_wconf 77' lang='lat' dir='ltr'>transtulerit1),</span> 
     </span>
     <span class='ocr_line' id='line_1_4' title="bbox 340 403 1913 459; baseline -0.003 -11"><span class='ocrx_word' id='word_1_18' title='bbox 340 421 390 449; x_wconf 83' lang='lat' dir='ltr'>an</span> <span class='ocrx_word' id='word_1_19' title='bbox 416 409 493 448; x_wconf 88' lang='lat' dir='ltr'>iam</span> <span class='ocrx_word' id='word_1_20' title='bbox 525 408 659 459; x_wconf 91' lang='lat' dir='ltr'>priore</span> <span class='ocrx_word' id='word_1_21' title='bbox 691 418 793 446; x_wconf 89' lang='lat' dir='ltr'>saec.</span> <span class='ocrx_word' id='word_1_22' title='bbox 820 406 884 446; x_wconf 91' lang='lat'>111.</span> <span class='ocrx_word' id='word_1_23' title='bbox 910 410 1035 458; x_wconf 86' lang='lat' dir='ltr'>parte,</span> <span class='ocrx_word' id='word_1_24' title='bbox 1068 404 1169 444; x_wconf 82' lang='lat' dir='ltr'>forte</span> <span class='ocrx_word' id='word_1_25' title='bbox 1194 403 1358 444; x_wconf 89' lang='lat' dir='ltr'>Timaeo</span> <span class='ocrx_word' id='word_1_26' title='bbox 1384 409 1559 456; x_wconf 81' lang='lat' dir='ltr'>auctore,</span> <span class='ocrx_word' id='word_1_27' title='bbox 1585 403 1715 444; x_wconf 81' lang='lat' dir='ltr'>fabula</span> <span class='ocrx_word' id='word_1_28' title='bbox 1739 403 1913 445; x_wconf 85' lang='lat' dir='ltr'>Romana</span> 
     </span>
    </p>
   </div>
   <div class='ocr_carea' id='block_1_3' title="bbox 339 465 1919 654">
    <p class='ocr_par' dir='ltr' id='par_1_3' title="bbox 339 465 1919 654">
     <span class='ocr_line' id='line_1_5' title="bbox 339 465 1285 526; baseline -0.002 -15"><span class='ocrx_word' id='word_1_29' title='bbox 339 474 392 513; x_wconf 80' lang='lat' dir='ltr'>sit</span> <span class='ocrx_word' id='word_1_30' title='bbox 417 473 507 513; x_wconf 88' lang='lat' dir='ltr'>ficta</span> <span class='ocrx_word' id='word_1_31' title='bbox 517 468 564 526; x_wconf 74' lang='lat'>²),</span> <span class='ocrx_word' id='word_1_32' title='bbox 588 471 630 511; x_wconf 91' lang='lat' dir='ltr'>id</span> <span class='ocrx_word' id='word_1_33' title='bbox 657 471 884 511; x_wconf 88' lang='lat' dir='ltr'>discernere</span> <span class='ocrx_word' id='word_1_34' title='bbox 910 482 1043 511; x_wconf 91' lang='lat' dir='ltr'>meum</span> <span class='ocrx_word' id='word_1_35' title='bbox 1068 482 1148 509; x_wconf 90' lang='lat' dir='ltr'>non</span> <span class='ocrx_word' id='word_1_36' title='bbox 1174 465 1285 524; x_wconf 80' lang='lat' dir='ltr'>est.³)</span> 
     </span>
     <span class='ocr_line' id='line_1_6' title="bbox 403 533 1919 588; baseline -0.003 -10"><span class='ocrx_word' id='word_1_37' title='bbox 403 537 592 578; x_wconf 84' lang='lat' dir='ltr'>Nostrum</span> <span class='ocrx_word' id='word_1_38' title='bbox 610 549 703 577; x_wconf 90' lang='lat' dir='ltr'>vero</span> <span class='ocrx_word' id='word_1_39' title='bbox 724 542 786 577; x_wconf 89' lang='lat' dir='ltr'>est</span> <span class='ocrx_word' id='word_1_40' title='bbox 801 536 975 588; x_wconf 84' lang='lat' dir='ltr'>singulas</span> <span class='ocrx_word' id='word_1_41' title='bbox 994 535 1161 587; x_wconf 87' lang='lat' dir='ltr'>Tyronis</span> <span class='ocrx_word' id='word_1_42' title='bbox 1182 534 1424 587; x_wconf 83' lang='lat' dir='ltr'>Sophocleae</span> <span class='ocrx_word' id='word_1_43' title='bbox 1445 547 1522 587; x_wconf 87' lang='lat' dir='ltr'>res,</span> <span class='ocrx_word' id='word_1_44' title='bbox 1543 533 1672 587; x_wconf 88' lang='lat' dir='ltr'>quoad</span> <span class='ocrx_word' id='word_1_45' title='bbox 1689 546 1919 587; x_wconf 79' lang='lat' dir='ltr'>possumus,</span> 
     </span>
     <span class='ocr_line' id='line_1_7' title="bbox 342 598 1913 654; baseline -0.003 -11"><span class='ocrx_word' id='word_1_46' title='bbox 342 604 565 654; x_wconf 86' lang='lat' dir='ltr'>restituere,</span> <span class='ocrx_word' id='word_1_47' title='bbox 590 608 636 642; x_wconf 85' lang='lat' dir='ltr'>ut</span> <span class='ocrx_word' id='word_1_48' title='bbox 660 614 778 654; x_wconf 90' lang='lat' dir='ltr'>quem</span> <span class='ocrx_word' id='word_1_49' title='bbox 804 601 852 642; x_wconf 85' lang='lat' dir='ltr'>ad</span> <span class='ocrx_word' id='word_1_50' title='bbox 878 600 1039 641; x_wconf 88' lang='lat' dir='ltr'>modum</span> <span class='ocrx_word' id='word_1_51' title='bbox 1066 600 1184 652; x_wconf 87' lang='lat' dir='ltr'>Soph.</span> <span class='ocrx_word' id='word_1_52' title='bbox 1209 599 1382 652; x_wconf 84' lang='lat' dir='ltr'>pendeat</span> <span class='ocrx_word' id='word_1_53' title='bbox 1408 599 1455 640; x_wconf 88' lang='lat' dir='ltr'>ab</span> <span class='ocrx_word' id='word_1_54' title='bbox 1482 599 1585 640; x_wconf 89' lang='lat' dir='ltr'>Hdto</span> <span class='ocrx_word' id='word_1_55' title='bbox 1612 605 1652 639; x_wconf 90' lang='lat' dir='ltr'>et</span> <span class='ocrx_word' id='word_1_56' title='bbox 1675 598 1832 640; x_wconf 85' lang='lat' dir='ltr'>Romuli</span> <span class='ocrx_word' id='word_1_57' title='bbox 1857 600 1913 639; x_wconf 83' lang='lat' dir='ltr'>fa-</span> 
     </span>
    </p>
   </div>
   <div class='ocr_carea' id='block_1_4' title="bbox 340 663 1914 786">
    <p class='ocr_par' dir='ltr' id='par_1_4' title="bbox 340 663 1914 786">
     <span class='ocr_line' id='line_1_8' title="bbox 340 663 1092 721; baseline -0.003 -13"><span class='ocrx_word' id='word_1_58' title='bbox 340 667 433 708; x_wconf 83' lang='lat' dir='ltr'>bula</span> <span class='ocrx_word' id='word_1_59' title='bbox 458 680 480 707; x_wconf 86' lang='lat' dir='ltr'>a</span> <span class='ocrx_word' id='word_1_60' title='bbox 507 663 610 721; x_wconf 79' lang='lat' dir='ltr'>Cyro</span> <span class='ocrx_word' id='word_1_61' title='bbox 637 667 777 720; x_wconf 89' lang='lat' dir='ltr'>Hdteo,</span> <span class='ocrx_word' id='word_1_62' title='bbox 805 667 1092 707; x_wconf 83' lang='lat' dir='ltr'>discernamus.</span> 
     </span>
     <span class='ocr_line' id='line_1_9' title="bbox 399 731 1914 786; baseline -0.002 -13"><span class='ocrx_word' id='word_1_63' title='bbox 399 736 454 773; x_wconf 86' lang='lat' dir='ltr'>Ac</span> <span class='ocrx_word' id='word_1_64' title='bbox 478 734 654 786; x_wconf 89' lang='lat' dir='ltr'>primum</span> <span class='ocrx_word' id='word_1_65' title='bbox 680 731 840 785; x_wconf 89' lang='lat' dir='ltr'>quidem</span> <span class='ocrx_word' id='word_1_66' title='bbox 865 731 992 784; x_wconf 82' lang='lat' dir='ltr'>Tyrus</span> <span class='ocrx_word' id='word_1_67' title='bbox 1018 731 1108 782; x_wconf 83' lang='lat' dir='ltr'>fata,</span> <span class='ocrx_word' id='word_1_68' title='bbox 1135 743 1212 783; x_wconf 85' lang='lat' dir='ltr'>qua</span> <span class='ocrx_word' id='word_1_69' title='bbox 1239 731 1391 771; x_wconf 88' lang='lat' dir='ltr'>ratione</span> <span class='ocrx_word' id='word_1_70' title='bbox 1418 731 1510 770; x_wconf 84' lang='lat' dir='ltr'>ficta</span> <span class='ocrx_word' id='word_1_71' title='bbox 1530 735 1570 770; x_wconf 88' lang='lat' dir='ltr'>et</span> <span class='ocrx_word' id='word_1_72' title='bbox 1587 734 1801 783; x_wconf 84' lang='lat' dir='ltr'>propagata</span> <span class='ocrx_word' id='word_1_73' title='bbox 1820 731 1914 782; x_wconf 84' lang='lat' dir='ltr'>sint,</span> 
     </span>
    </p>
   </div>
   <div class='ocr_carea' id='block_1_5' title="bbox 339 791 1914 851">
    <p class='ocr_par' dir='ltr' id='par_1_5' title="bbox 339 791 1914 851">
     <span class='ocr_line' id='line_1_10' title="bbox 339 791 1914 851; baseline -0.003 -12"><span class='ocrx_word' id='word_1_74' title='bbox 339 798 665 851; x_wconf 83' lang='lat' dir='ltr'>contemplemur.</span> <span class='ocrx_word' id='word_1_75' title='bbox 691 810 861 850; x_wconf 88' lang='lat' dir='ltr'>namque</span> <span class='ocrx_word' id='word_1_76' title='bbox 887 799 966 837; x_wconf 88' lang='lat' dir='ltr'>iam</span> <span class='ocrx_word' id='word_1_77' title='bbox 992 798 1033 836; x_wconf 90' lang='lat' dir='ltr'>in</span> <span class='ocrx_word' id='word_1_78' title='bbox 1053 796 1229 848; x_wconf 82' lang='lat' dir='ltr'>Odyssea</span> <span class='ocrx_word' id='word_1_79' title='bbox 1256 791 1303 851; x_wconf 80' lang='grc' dir='ltr'>(λ</span> <span class='ocrx_word' id='word_1_80' title='bbox 1323 793 1412 836; x_wconf 82' lang='lat'>230</span> <span class='ocrx_word' id='word_1_81' title='bbox 1426 791 1499 850; x_wconf 79' lang='lat' dir='ltr'>SS.)</span> <span class='ocrx_word' id='word_1_82' title='bbox 1527 807 1571 836; x_wconf 86' lang='lat' dir='ltr'>ea</span> <span class='ocrx_word' id='word_1_83' title='bbox 1592 794 1722 836; x_wconf 81' lang='lat' dir='ltr'>fabula</span> <span class='ocrx_word' id='word_1_84' title='bbox 1743 807 1914 836; x_wconf 91' lang='lat' dir='ltr'>comme-</span> 
     </span>
    </p>
   </div>
   <div class='ocr_carea' id='block_1_6' title="bbox 333 925 1918 2938">
    <p class='ocr_par' dir='ltr' id='par_1_6' title="bbox 400 925 933 970">
     <span class='ocr_line' id='line_1_11' title="bbox 400 925 933 970; baseline -0.002 -10"><span class='ocrx_word' id='word_1_85' title='bbox 400 927 434 970; x_wconf 90' lang='lat'>1)</span> <span class='ocrx_word' id='word_1_86' title='bbox 459 926 560 970; x_wconf 91' lang='lat' dir='ltr'>quod</span> <span class='ocrx_word' id='word_1_87' title='bbox 586 925 711 961; x_wconf 86' lang='lat' dir='ltr'>Soltau</span> <span class='ocrx_word' id='word_1_88' title='bbox 737 925 933 959; x_wconf 91' lang='lat' dir='ltr'>contendit.</span> 
     </span>
    </p>

    <p class='ocr_par' dir='ltr' id='par_1_7' title="bbox 336 975 1918 1237">
     <span class='ocr_line' id='line_1_12' title="bbox 398 975 1916 1024; baseline -0.001 -12"><span class='ocrx_word' id='word_1_89' title='bbox 398 979 434 1024; x_wconf 80' lang='lat'>2)</span> <span class='ocrx_word' id='word_1_90' title='bbox 459 979 503 1014; x_wconf 86' lang='lat' dir='ltr'>cf.</span> <span class='ocrx_word' id='word_1_91' title='bbox 529 978 706 1014; x_wconf 87' lang='lat' dir='ltr'>Roscheri</span> <span class='ocrx_word' id='word_1_92' title='bbox 729 978 801 1013; x_wconf 87' lang='lat' dir='ltr'>lex.</span> <span class='ocrx_word' id='word_1_93' title='bbox 820 978 935 1022; x_wconf 74' lang='lat' dir='ltr'>myth·</span> <span class='ocrx_word' id='word_1_94' title='bbox 957 990 982 1013; x_wconf 89' lang='lat' dir='ltr'>s.</span> <span class='ocrx_word' id='word_1_95' title='bbox 1003 989 1037 1013; x_wconf 85' lang='lat' dir='ltr'>v.</span> <span class='ocrx_word' id='word_1_96' title='bbox 1057 976 1236 1011; x_wconf 85' lang='lat' dir='ltr'>Romulus</span> <span class='ocrx_word' id='word_1_97' title='bbox 1257 987 1291 1020; x_wconf 89' lang='lat' dir='ltr'>p.</span> <span class='ocrx_word' id='word_1_98' title='bbox 1316 979 1382 1011; x_wconf 80' lang='lat'>172</span> <span class='ocrx_word' id='word_1_99' title='bbox 1395 987 1443 1019; x_wconf 85' lang='lat' dir='ltr'>s.;</span> <span class='ocrx_word' id='word_1_100' title='bbox 1463 975 1591 1011; x_wconf 88' lang='lat' dir='ltr'>Herib.</span> <span class='ocrx_word' id='word_1_101' title='bbox 1614 975 1740 1020; x_wconf 79' lang='lat' dir='ltr'>Meyer</span> <span class='ocrx_word' id='word_1_102' title='bbox 1765 975 1916 1019; x_wconf 88' lang='lat' dir='ltr'>quidem</span> 
     </span>
     <span class='ocr_line' id='line_1_13' title="bbox 338 1027 1918 1078; baseline -0.003 -11"><span class='ocrx_word' id='word_1_103' title='bbox 338 1032 376 1077; x_wconf 83' lang='lat' dir='ltr'>(l.</span> <span class='ocrx_word' id='word_1_104' title='bbox 397 1032 422 1067; x_wconf 90' lang='lat'>1.</span> <span class='ocrx_word' id='word_1_105' title='bbox 448 1043 486 1077; x_wconf 85' lang='lat' dir='ltr'>p.</span> <span class='ocrx_word' id='word_1_106' title='bbox 513 1033 571 1078; x_wconf 89' lang='grc'>80)</span> <span class='ocrx_word' id='word_1_107' title='bbox 599 1031 737 1067; x_wconf 80' lang='lat' dir='ltr'>Calliae</span> <span class='ocrx_word' id='word_1_108' title='bbox 773 1031 1000 1076; x_wconf 77' lang='lat' dir='ltr'>(Agathoclis</span> <span class='ocrx_word' id='word_1_109' title='bbox 1032 1029 1212 1075; x_wconf 88' lang='lat' dir='ltr'>aequalis)</span> <span class='ocrx_word' id='word_1_110' title='bbox 1243 1029 1453 1064; x_wconf 90' lang='lat' dir='ltr'>testimonio</span> <span class='ocrx_word' id='word_1_111' title='bbox 1484 1029 1588 1064; x_wconf 89' lang='lat' dir='ltr'>nisus</span> <span class='ocrx_word' id='word_1_112' title='bbox 1618 1029 1723 1063; x_wconf 85' lang='lat' dir='ltr'>illam</span> <span class='ocrx_word' id='word_1_113' title='bbox 1751 1027 1918 1063; x_wconf 83' lang='lat' dir='ltr'>fabulam</span> 
     </span>
     <span class='ocr_line' id='line_1_14' title="bbox 339 1081 1915 1130; baseline -0.003 -10"><span class='ocrx_word' id='word_1_114' title='bbox 339 1085 566 1130; x_wconf 74' lang='lat' dir='ltr'>temporibus</span> <span class='ocrx_word' id='word_1_115' title='bbox 590 1085 855 1130; x_wconf 84' lang='lat' dir='ltr'>posterioribus</span> <span class='ocrx_word' id='word_1_116' title='bbox 881 1084 1123 1119; x_wconf 88' lang='lat' dir='ltr'>clarissimam</span> <span class='ocrx_word' id='word_1_117' title='bbox 1147 1084 1259 1128; x_wconf 85' lang='lat' dir='ltr'>negat</span> <span class='ocrx_word' id='word_1_118' title='bbox 1283 1083 1434 1118; x_wconf 87' lang='lat' dir='ltr'>ineunte</span> <span class='ocrx_word' id='word_1_119' title='bbox 1459 1083 1535 1117; x_wconf 89' lang='lat' dir='ltr'>iam</span> <span class='ocrx_word' id='word_1_120' title='bbox 1561 1093 1654 1117; x_wconf 91' lang='lat' dir='ltr'>saec.</span> <span class='ocrx_word' id='word_1_121' title='bbox 1673 1081 1781 1117; x_wconf 83' lang='lat' dir='ltr'>tertio</span> <span class='ocrx_word' id='word_1_122' title='bbox 1799 1081 1915 1117; x_wconf 82' lang='lat' dir='ltr'>fuisse</span> 
     </span>
     <span class='ocr_line' id='line_1_15' title="bbox 336 1135 1918 1183; baseline -0.003 -9"><span class='ocrx_word' id='word_1_123' title='bbox 336 1140 473 1182; x_wconf 86' lang='lat' dir='ltr'>notam,</span> <span class='ocrx_word' id='word_1_124' title='bbox 498 1140 622 1174; x_wconf 86' lang='lat' dir='ltr'>tamen</span> <span class='ocrx_word' id='word_1_125' title='bbox 641 1138 813 1173; x_wconf 87' lang='lat' dir='ltr'>Timaeus</span> <span class='ocrx_word' id='word_1_126' title='bbox 838 1137 949 1183; x_wconf 89' lang='lat' dir='ltr'>paulo</span> <span class='ocrx_word' id='word_1_127' title='bbox 975 1137 1099 1171; x_wconf 89' lang='lat' dir='ltr'>iunior</span> <span class='ocrx_word' id='word_1_128' title='bbox 1115 1136 1232 1171; x_wconf 89' lang='lat' dir='ltr'>multo</span> <span class='ocrx_word' id='word_1_129' title='bbox 1258 1135 1391 1170; x_wconf 90' lang='lat' dir='ltr'>melius</span> <span class='ocrx_word' id='word_1_130' title='bbox 1411 1136 1608 1170; x_wconf 81' lang='lat' dir='ltr'>instructus</span> <span class='ocrx_word' id='word_1_131' title='bbox 1634 1135 1752 1170; x_wconf 85' lang='lat' dir='ltr'>fuisse</span> <span class='ocrx_word' id='word_1_132' title='bbox 1770 1135 1918 1170; x_wconf 70' lang='lat' dir='ltr'>videtur</span> 
     </span>
     <span class='ocr_line' id='line_1_16' title="bbox 337 1190 1318 1237; baseline -0.002 -10"><span class='ocrx_word' id='word_1_133' title='bbox 337 1192 396 1237; x_wconf 80' lang='lat' dir='ltr'>(cf.</span> <span class='ocrx_word' id='word_1_134' title='bbox 418 1191 539 1227; x_wconf 87' lang='lat' dir='ltr'>Christ</span> <span class='ocrx_word' id='word_1_135' title='bbox 562 1192 602 1226; x_wconf 88' lang='lat' dir='ltr'>in</span> <span class='ocrx_word' id='word_1_136' title='bbox 626 1192 704 1227; x_wconf 86' lang='lat' dir='ltr'>Act.</span> <span class='ocrx_word' id='word_1_137' title='bbox 725 1191 838 1226; x_wconf 89' lang='lat' dir='ltr'>Acad.</span> <span class='ocrx_word' id='word_1_138' title='bbox 858 1191 954 1226; x_wconf 88' lang='lat' dir='ltr'>Mon.</span> <span class='ocrx_word' id='word_1_139' title='bbox 984 1193 1074 1225; x_wconf 87' lang='lat'>1905</span> <span class='ocrx_word' id='word_1_140' title='bbox 1100 1201 1136 1234; x_wconf 92' lang='lat' dir='ltr'>p.</span> <span class='ocrx_word' id='word_1_141' title='bbox 1166 1193 1233 1224; x_wconf 82' lang='lat'>104</span> <span class='ocrx_word' id='word_1_142' title='bbox 1244 1190 1318 1234; x_wconf 88' lang='lat' dir='ltr'>ss.).</span> 
     </span>
    </p>

    <p class='ocr_par' dir='ltr' id='par_1_8' title="bbox 333 1240 1917 2938">
     <span class='ocr_line' id='line_1_17' title="bbox 399 1240 1914 1290; baseline -0.003 -10"><span class='ocrx_word' id='word_1_143' title='bbox 399 1247 433 1290; x_wconf 89' lang='lat'>3)</span> <span class='ocrx_word' id='word_1_144' title='bbox 459 1245 587 1280; x_wconf 89' lang='lat' dir='ltr'>dubito</span> <span class='ocrx_word' id='word_1_145' title='bbox 612 1256 660 1280; x_wconf 91' lang='lat' dir='ltr'>an</span> <span class='ocrx_word' id='word_1_146' title='bbox 678 1245 743 1280; x_wconf 89' lang='lat' dir='ltr'>illa</span> <span class='ocrx_word' id='word_1_147' title='bbox 766 1245 925 1280; x_wconf 73' lang='lat' dir='ltr'>narratio</span> <span class='ocrx_word' id='word_1_148' title='bbox 950 1243 1267 1289; x_wconf 86' lang='lat' dir='ltr'>pseudohistorica</span> <span class='ocrx_word' id='word_1_149' title='bbox 1297 1242 1367 1277; x_wconf 92' lang='lat' dir='ltr'>hoc</span> <span class='ocrx_word' id='word_1_150' title='bbox 1400 1243 1476 1277; x_wconf 85' lang='lat' dir='ltr'>fere</span> <span class='ocrx_word' id='word_1_151' title='bbox 1499 1243 1611 1277; x_wconf 90' lang='lat' dir='ltr'>modo</span> <span class='ocrx_word' id='word_1_152' title='bbox 1637 1243 1716 1277; x_wconf 88' lang='lat' dir='ltr'>orta</span> <span class='ocrx_word' id='word_1_153' title='bbox 1740 1241 1804 1277; x_wconf 88' lang='lat' dir='ltr'>sit:</span> <span class='ocrx_word' id='word_1_154' title='bbox 1837 1240 1914 1287; x_wconf 86' lang='lat' dir='ltr'>pri-</span> 
     </span>
     <span class='ocr_line' id='line_1_18' title="bbox 337 1294 1915 1342; baseline -0.003 -9"><span class='ocrx_word' id='word_1_155' title='bbox 337 1298 482 1333; x_wconf 87' lang='lat' dir='ltr'>mordia</span> <span class='ocrx_word' id='word_1_156' title='bbox 504 1298 592 1333; x_wconf 86' lang='lat' dir='ltr'>fecit</span> <span class='ocrx_word' id='word_1_157' title='bbox 616 1297 775 1333; x_wconf 84' lang='lat' dir='ltr'>Graecus</span> <span class='ocrx_word' id='word_1_158' title='bbox 801 1298 966 1342; x_wconf 87' lang='lat' dir='ltr'>quidam,</span> <span class='ocrx_word' id='word_1_159' title='bbox 991 1297 1084 1332; x_wconf 87' lang='lat' dir='ltr'>forte</span> <span class='ocrx_word' id='word_1_160' title='bbox 1109 1296 1294 1338; x_wconf 83' lang='lat' dir='ltr'>Timaeus,</span> <span class='ocrx_word' id='word_1_161' title='bbox 1328 1297 1531 1330; x_wconf 87' lang='lat' dir='ltr'>secundum</span> <span class='ocrx_word' id='word_1_162' title='bbox 1557 1295 1652 1340; x_wconf 79' lang='lat' dir='ltr'>Tyro</span> <span class='ocrx_word' id='word_1_163' title='bbox 1673 1294 1915 1340; x_wconf 83' lang='lat' dir='ltr'>Sophocleam</span> 
     </span>
     <span class='ocr_line' id='line_1_19' title="bbox 336 1348 1917 1396; baseline -0.003 -9"><span class='ocrx_word' id='word_1_164' title='bbox 336 1351 394 1396; x_wconf 87' lang='lat' dir='ltr'>(cf.</span> <span class='ocrx_word' id='word_1_165' title='bbox 416 1350 537 1387; x_wconf 87' lang='lat' dir='ltr'>Christ</span> <span class='ocrx_word' id='word_1_166' title='bbox 553 1363 590 1396; x_wconf 91' lang='lat' dir='ltr'>p.</span> <span class='ocrx_word' id='word_1_167' title='bbox 614 1354 680 1386; x_wconf 85' lang='lat'>119</span> <span class='ocrx_word' id='word_1_168' title='bbox 689 1353 749 1395; x_wconf 86' lang='lat' dir='ltr'>s.):</span> <span class='ocrx_word' id='word_1_169' title='bbox 775 1351 874 1386; x_wconf 89' lang='lat' dir='ltr'>unde</span> <span class='ocrx_word' id='word_1_170' title='bbox 899 1351 1100 1385; x_wconf 84' lang='lat' dir='ltr'>evenerunt</span> <span class='ocrx_word' id='word_1_171' title='bbox 1123 1349 1274 1394; x_wconf 88' lang='lat' dir='ltr'>propria</span> <span class='ocrx_word' id='word_1_172' title='bbox 1297 1349 1450 1384; x_wconf 90' lang='lat' dir='ltr'>nomina</span> <span class='ocrx_word' id='word_1_173' title='bbox 1474 1348 1624 1392; x_wconf 83' lang='lat' dir='ltr'>Graeca,</span> <span class='ocrx_word' id='word_1_174' title='bbox 1649 1360 1724 1384; x_wconf 91' lang='lat' dir='ltr'>non</span> <span class='ocrx_word' id='word_1_175' title='bbox 1749 1348 1917 1384; x_wconf 86' lang='lat' dir='ltr'>Romana</span> 
     </span>
     <span class='ocr_line' id='line_1_20' title="bbox 336 1402 1914 1451; baseline -0.002 -11"><span class='ocrx_word' id='word_1_176' title='bbox 336 1404 452 1451; x_wconf 86' lang='lat' dir='ltr'>(velut</span> <span class='ocrx_word' id='word_1_177' title='bbox 467 1405 566 1451; x_wconf 84' lang='lat' dir='ltr'>nia);</span> <span class='ocrx_word' id='word_1_178' title='bbox 586 1406 666 1439; x_wconf 87' lang='lat' dir='ltr'>tum</span> <span class='ocrx_word' id='word_1_179' title='bbox 685 1404 853 1449; x_wconf 82' lang='lat' dir='ltr'>singulae</span> <span class='ocrx_word' id='word_1_180' title='bbox 871 1414 929 1438; x_wconf 86' lang='lat' dir='ltr'>res</span> <span class='ocrx_word' id='word_1_181' title='bbox 942 1404 1167 1448; x_wconf 80' lang='lat' dir='ltr'>propagatae</span> <span class='ocrx_word' id='word_1_182' title='bbox 1188 1404 1273 1437; x_wconf 92' lang='lat' dir='ltr'>sunt</span> <span class='ocrx_word' id='word_1_183' title='bbox 1291 1402 1337 1437; x_wconf 91' lang='lat' dir='ltr'>ab</span> <span class='ocrx_word' id='word_1_184' title='bbox 1357 1403 1535 1447; x_wconf 84' lang='lat' dir='ltr'>indigena</span> <span class='ocrx_word' id='word_1_185' title='bbox 1554 1402 1717 1447; x_wconf 84' lang='lat' dir='ltr'>quodam</span> <span class='ocrx_word' id='word_1_186' title='bbox 1729 1402 1914 1450; x_wconf 80' lang='lat' dir='ltr'>Romano:</span> 
     </span>
     <span class='ocr_line' id='line_1_21' title="bbox 335 1455 1915 1502; baseline -0.001 -10"><span class='ocrx_word' id='word_1_187' title='bbox 335 1469 411 1502; x_wconf 88' lang='lat' dir='ltr'>qua</span> <span class='ocrx_word' id='word_1_188' title='bbox 440 1470 480 1494; x_wconf 90' lang='lat' dir='ltr'>re</span> <span class='ocrx_word' id='word_1_189' title='bbox 504 1458 709 1493; x_wconf 82' lang='lat' dir='ltr'>declaratur</span> <span class='ocrx_word' id='word_1_190' title='bbox 732 1458 900 1492; x_wconf 88' lang='lat' dir='ltr'>accurata</span> <span class='ocrx_word' id='word_1_191' title='bbox 929 1457 1094 1492; x_wconf 88' lang='lat' dir='ltr'>locorum</span> <span class='ocrx_word' id='word_1_192' title='bbox 1126 1456 1300 1501; x_wconf 83' lang='lat' dir='ltr'>cognitio.</span> <span class='ocrx_word' id='word_1_193' title='bbox 1342 1457 1378 1491; x_wconf 87' lang='lat' dir='ltr'>et</span> <span class='ocrx_word' id='word_1_194' title='bbox 1408 1457 1450 1491; x_wconf 90' lang='lat' dir='ltr'>ut</span> <span class='ocrx_word' id='word_1_195' title='bbox 1474 1456 1522 1490; x_wconf 90' lang='lat' dir='ltr'>ad</span> <span class='ocrx_word' id='word_1_196' title='bbox 1545 1455 1694 1490; x_wconf 88' lang='lat' dir='ltr'>Romuli</span> <span class='ocrx_word' id='word_1_197' title='bbox 1721 1455 1800 1501; x_wconf 87' lang='lat' dir='ltr'>[qui</span> <span class='ocrx_word' id='word_1_198' title='bbox 1823 1466 1915 1490; x_wconf 85' lang='lat' dir='ltr'>num</span> 
     </span>
     <span class='ocr_line' id='line_1_22' title="bbox 336 1508 1913 1555; baseline -0.002 -9"><span class='ocrx_word' id='word_1_199' title='bbox 336 1511 557 1555; x_wconf 86' lang='lat' dir='ltr'>repetendus</span> <span class='ocrx_word' id='word_1_200' title='bbox 584 1510 632 1545; x_wconf 92' lang='lat' dir='ltr'>sit</span> <span class='ocrx_word' id='word_1_201' title='bbox 656 1522 678 1545; x_wconf 87' lang='lat' dir='ltr'>a</span> <span class='ocrx_word' id='word_1_202' title='bbox 702 1510 840 1546; x_wconf 85' lang='lat' dir='ltr'>Romus</span> <span class='ocrx_word' id='word_1_203' title='bbox 866 1511 921 1555; x_wconf 91' lang='lat' dir='ltr'>(ut</span> <span class='ocrx_word' id='word_1_204' title='bbox 945 1509 1040 1544; x_wconf 87' lang='lat' dir='ltr'>inter</span> <span class='ocrx_word' id='word_1_205' title='bbox 1065 1509 1156 1544; x_wconf 90' lang='lat' dir='ltr'>alios</span> <span class='ocrx_word' id='word_1_206' title='bbox 1177 1510 1282 1544; x_wconf 89' lang='lat' dir='ltr'>docet</span> <span class='ocrx_word' id='word_1_207' title='bbox 1301 1509 1424 1545; x_wconf 76' lang='lat' dir='ltr'>Calter</span> <span class='ocrx_word' id='word_1_208' title='bbox 1448 1509 1488 1544; x_wconf 92' lang='lat' dir='ltr'>in</span> <span class='ocrx_word' id='word_1_209' title='bbox 1507 1509 1684 1544; x_wconf 87' lang='lat' dir='ltr'>Roscheri</span> <span class='ocrx_word' id='word_1_210' title='bbox 1709 1509 1780 1544; x_wconf 89' lang='lat' dir='ltr'>lex.</span> <span class='ocrx_word' id='word_1_211' title='bbox 1797 1508 1913 1553; x_wconf 76' lang='lat' dir='ltr'>myth.</span> 
     </span>
     <span class='ocr_line' id='line_1_23' title="bbox 341 1561 1914 1608; baseline 0.001 -11"><span class='ocrx_word' id='word_1_212' title='bbox 341 1567 431 1598; x_wconf 90' lang='grc'><strong>1909</strong></span> <span class='ocrx_word' id='word_1_213' title='bbox 459 1576 485 1599; x_wconf 92' lang='lat' dir='ltr'>s.</span> <span class='ocrx_word' id='word_1_214' title='bbox 505 1564 684 1598; x_wconf 87' lang='lat' dir='ltr'>Romulus</span> <span class='ocrx_word' id='word_1_215' title='bbox 703 1576 740 1608; x_wconf 89' lang='lat' dir='ltr'>p.</span> <span class='ocrx_word' id='word_1_216' title='bbox 763 1564 843 1608; x_wconf 77' lang='lat'>172)</span> <span class='ocrx_word' id='word_1_217' title='bbox 871 1563 948 1598; x_wconf 84' lang='lat' dir='ltr'>sive</span> <span class='ocrx_word' id='word_1_218' title='bbox 966 1563 1095 1605; x_wconf 90' lang='lat' dir='ltr'>Roma,</span> <span class='ocrx_word' id='word_1_219' title='bbox 1121 1563 1228 1598; x_wconf 84' lang='lat' dir='ltr'>valde</span> <span class='ocrx_word' id='word_1_220' title='bbox 1254 1562 1293 1597; x_wconf 92' lang='lat' dir='ltr'>in</span> <span class='ocrx_word' id='word_1_221' title='bbox 1320 1563 1474 1597; x_wconf 91' lang='lat' dir='ltr'>dubium</span> <span class='ocrx_word' id='word_1_222' title='bbox 1500 1562 1646 1598; x_wconf 86' lang='lat' dir='ltr'>vocavit</span> <span class='ocrx_word' id='word_1_223' title='bbox 1669 1562 1729 1597; x_wconf 91' lang='lat' dir='ltr'>W.</span> <span class='ocrx_word' id='word_1_224' title='bbox 1751 1561 1914 1604; x_wconf 82' lang='lat' dir='ltr'>Schulze‚</span> 
     </span>
     <span class='ocr_line' id='line_1_24' title="bbox 341 1615 1917 1661; baseline 0 -10"><span class='ocrx_word' id='word_1_225' title='bbox 341 1628 406 1651; x_wconf 84' lang='lat' dir='ltr'>zur</span> <span class='ocrx_word' id='word_1_226' title='bbox 424 1616 554 1652; x_wconf 79' lang='lat' dir='ltr'>Geseh.</span> <span class='ocrx_word' id='word_1_227' title='bbox 574 1617 636 1652; x_wconf 72' lang='lat' dir='ltr'>lat.</span> <span class='ocrx_word' id='word_1_228' title='bbox 656 1616 812 1661; x_wconf 87' lang='lat' dir='ltr'>Eigenn.</span> <span class='ocrx_word' id='word_1_229' title='bbox 835 1619 926 1651; x_wconf 87' lang='lat'>1904</span> <span class='ocrx_word' id='word_1_230' title='bbox 945 1628 982 1660; x_wconf 91' lang='lat' dir='ltr'>p.</span> <span class='ocrx_word' id='word_1_231' title='bbox 1004 1619 1084 1659; x_wconf 82' lang='lat'>579,</span> <span class='ocrx_word' id='word_1_232' title='bbox 1111 1628 1195 1651; x_wconf 89' lang='lat' dir='ltr'>cum</span> <span class='ocrx_word' id='word_1_233' title='bbox 1219 1616 1419 1651; x_wconf 85' lang='lat' dir='ltr'>Romulum</span> <span class='ocrx_word' id='word_1_234' title='bbox 1436 1616 1670 1660; x_wconf 82' lang='lat' dir='ltr'>Remumque</span> <span class='ocrx_word' id='word_1_235' title='bbox 1689 1615 1917 1651; x_wconf 66' lang='lat' dir='ltr'>existimaret</span> 
     </span>
     <span class='ocr_line' id='line_1_25' title="bbox 342 1669 1915 1716; baseline 0 -12"><span class='ocrx_word' id='word_1_236' title='bbox 342 1669 498 1716; x_wconf 80' lang='lat' dir='ltr'>gentilia</span> <span class='ocrx_word' id='word_1_237' title='bbox 529 1669 664 1713; x_wconf 87' lang='lat' dir='ltr'>Tusca;</span> <span class='ocrx_word' id='word_1_238' title='bbox 703 1671 828 1704; x_wconf 79' lang='lat' dir='ltr'>conti-a</span> <span class='ocrx_word' id='word_1_239' title='bbox 858 1681 970 1713; x_wconf 89' lang='lat' dir='ltr'>quem</span> <span class='ocrx_word' id='word_1_240' title='bbox 1002 1670 1122 1704; x_wconf 88' lang='lat' dir='ltr'>denuo</span> <span class='ocrx_word' id='word_1_241' title='bbox 1154 1670 1301 1704; x_wconf 85' lang='lat' dir='ltr'>disserit</span> <span class='ocrx_word' id='word_1_242' title='bbox 1330 1669 1390 1705; x_wconf 90' lang='lat' dir='ltr'>W.</span> <span class='ocrx_word' id='word_1_243' title='bbox 1418 1669 1554 1713; x_wconf 86' lang='lat' dir='ltr'>Soltau,</span> <span class='ocrx_word' id='word_1_244' title='bbox 1586 1669 1717 1704; x_wconf 88' lang='lat' dir='ltr'>Philol.</span> <span class='ocrx_word' id='word_1_245' title='bbox 1743 1671 1788 1704; x_wconf 83' lang='lat'>68</span> <span class='ocrx_word' id='word_1_246' title='bbox 1822 1671 1915 1704; x_wconf 82' lang='grc'><strong>1909</strong></span> 
     </span>
     <span class='ocr_line' id='line_1_26' title="bbox 343 1722 1912 1769; baseline -0.001 -10"><span class='ocrx_word' id='word_1_247' title='bbox 343 1735 381 1768; x_wconf 85' lang='lat' dir='ltr'>p.</span> <span class='ocrx_word' id='word_1_248' title='bbox 409 1725 560 1769; x_wconf 75' lang='lat'><strong>154—7]</strong></span> <span class='ocrx_word' id='word_1_249' title='bbox 588 1723 798 1767; x_wconf 85' lang='lat' dir='ltr'>exemplum</span> <span class='ocrx_word' id='word_1_250' title='bbox 822 1723 987 1758; x_wconf 89' lang='lat' dir='ltr'>Faustuli</span> <span class='ocrx_word' id='word_1_251' title='bbox 1011 1734 1146 1758; x_wconf 91' lang='lat' dir='ltr'>nomen</span> <span class='ocrx_word' id='word_1_252' title='bbox 1171 1723 1307 1766; x_wconf 87' lang='lat' dir='ltr'>fictum,</span> <span class='ocrx_word' id='word_1_253' title='bbox 1332 1723 1385 1758; x_wconf 88' lang='lat' dir='ltr'>ita</span> <span class='ocrx_word' id='word_1_254' title='bbox 1409 1724 1545 1758; x_wconf 84' lang='lat' dir='ltr'>Accam</span> <span class='ocrx_word' id='word_1_255' title='bbox 1568 1722 1773 1758; x_wconf 82' lang='lat' dir='ltr'>Larentiam</span> <span class='ocrx_word' id='word_1_256' title='bbox 1802 1723 1912 1768; x_wconf 85' lang='lat' dir='ltr'>(quae</span> 
     </span>
     <span class='ocr_line' id='line_1_27' title="bbox 350 1775 1916 1822; baseline -0.001 -11"><span class='ocrx_word' id='word_1_257' title='bbox 350 1777 503 1820; x_wconf 88' lang='lat' dir='ltr'>quidem</span> <span class='ocrx_word' id='word_1_258' title='bbox 525 1777 685 1822; x_wconf 83' lang='lat' dir='ltr'>pertinet</span> <span class='ocrx_word' id='word_1_259' title='bbox 709 1777 819 1812; x_wconf 88' lang='lat' dir='ltr'>etiam</span> <span class='ocrx_word' id='word_1_260' title='bbox 844 1777 892 1811; x_wconf 88' lang='lat' dir='ltr'>ad</span> <span class='ocrx_word' id='word_1_261' title='bbox 916 1776 1083 1811; x_wconf 89' lang='lat' dir='ltr'>Herculis</span> <span class='ocrx_word' id='word_1_262' title='bbox 1110 1777 1365 1819; x_wconf 82' lang='lat' dir='ltr'>sacerdotium,</span> <span class='ocrx_word' id='word_1_263' title='bbox 1398 1777 1442 1811; x_wconf 89' lang='lat' dir='ltr'>cf.</span> <span class='ocrx_word' id='word_1_264' title='bbox 1467 1776 1662 1821; x_wconf 77' lang='lat' dir='ltr'>Pauly-W.</span> <span class='ocrx_word' id='word_1_265' title='bbox 1690 1788 1717 1812; x_wconf 91' lang='lat' dir='ltr'>s.</span> <span class='ocrx_word' id='word_1_266' title='bbox 1744 1775 1854 1821; x_wconf 89' lang='lat' dir='ltr'>Acca)</span> <span class='ocrx_word' id='word_1_267' title='bbox 1880 1778 1916 1811; x_wconf 87' lang='lat' dir='ltr'>et</span> 
     </span>
     <span class='ocr_line' id='line_1_28' title="bbox 339 1829 1914 1874; baseline 0 -11"><span class='ocrx_word' id='word_1_268' title='bbox 339 1830 456 1865; x_wconf 87' lang='lat' dir='ltr'>Ream</span> <span class='ocrx_word' id='word_1_269' title='bbox 475 1830 628 1865; x_wconf 84' lang='lat' dir='ltr'>Silviam</span> <span class='ocrx_word' id='word_1_270' title='bbox 648 1832 726 1874; x_wconf 88' lang='lat' dir='ltr'>(pro</span> <span class='ocrx_word' id='word_1_271' title='bbox 745 1830 944 1865; x_wconf 79' lang='lat' dir='ltr'>vetustiore</span> <span class='ocrx_word' id='word_1_272' title='bbox 962 1829 1041 1873; x_wconf 88' lang='lat' dir='ltr'>Ilia)</span> <span class='ocrx_word' id='word_1_273' title='bbox 1069 1830 1116 1864; x_wconf 88' lang='lat' dir='ltr'>ad</span> <span class='ocrx_word' id='word_1_274' title='bbox 1135 1842 1251 1864; x_wconf 88' lang='lat' dir='ltr'>unum</span> <span class='ocrx_word' id='word_1_275' title='bbox 1271 1830 1465 1865; x_wconf 84' lang='lat' dir='ltr'>detulerim</span> <span class='ocrx_word' id='word_1_276' title='bbox 1484 1832 1670 1865; x_wconf 84' lang='lat' dir='ltr'>auctorem</span> <span class='ocrx_word' id='word_1_277' title='bbox 1687 1830 1914 1865; x_wconf 86' lang='lat' dir='ltr'>Romanum:</span> 
     </span>
     <span class='ocr_line' id='line_1_29' title="bbox 337 1882 1913 1927; baseline 0 -10"><span class='ocrx_word' id='word_1_278' title='bbox 337 1883 369 1917; x_wconf 89' lang='lat' dir='ltr'>is</span> <span class='ocrx_word' id='word_1_279' title='bbox 383 1883 505 1917; x_wconf 85' lang='lat' dir='ltr'>forsan</span> <span class='ocrx_word' id='word_1_280' title='bbox 517 1883 589 1917; x_wconf 89' lang='lat' dir='ltr'>fuit</span> <span class='ocrx_word' id='word_1_281' title='bbox 601 1882 798 1917; x_wconf 83' lang='lat' dir='ltr'>Naevius</span> <span class='ocrx_word' id='word_1_282' title='bbox 818 1884 1006 1926; x_wconf 87' lang='lat' dir='ltr'>praetexta</span> <span class='ocrx_word' id='word_1_283' title='bbox 1025 1893 1102 1917; x_wconf 87' lang='lat' dir='ltr'>sua.</span> <span class='ocrx_word' id='word_1_284' title='bbox 1134 1894 1362 1927; x_wconf 86' lang='lat' dir='ltr'>quamquam</span> <span class='ocrx_word' id='word_1_285' title='bbox 1379 1883 1565 1927; x_wconf 86' lang='lat' dir='ltr'>prioribus</span> <span class='ocrx_word' id='word_1_286' title='bbox 1590 1883 1666 1917; x_wconf 87' lang='lat' dir='ltr'>iam</span> <span class='ocrx_word' id='word_1_287' title='bbox 1684 1882 1913 1927; x_wconf 87' lang='lat' dir='ltr'>temporibus</span> 
     </span>
     <span class='ocr_line' id='line_1_30' title="bbox 338 1935 1914 1987; baseline 0 -17"><span class='ocrx_word' id='word_1_288' title='bbox 338 1935 460 1971; x_wconf 72' lang='lat' dir='ltr'>‘Nelei</span> <span class='ocrx_word' id='word_1_289' title='bbox 486 1936 659 1970; x_wconf 89' lang='lat' dir='ltr'>carmine’</span> <span class='ocrx_word' id='word_1_290' title='bbox 688 1936 817 1970; x_wconf 91' lang='lat' dir='ltr'>eadem</span> <span class='ocrx_word' id='word_1_291' title='bbox 834 1935 953 1987; x_wconf 62' lang='lat' dir='ltr'>[syrus</span> <span class='ocrx_word' id='word_1_292' title='bbox 979 1936 1106 1970; x_wconf 86' lang='lat' dir='ltr'>fabula</span> <span class='ocrx_word' id='word_1_293' title='bbox 1129 1937 1281 1970; x_wconf 74' lang='lat' dir='ltr'>tractata</span> <span class='ocrx_word' id='word_1_294' title='bbox 1307 1937 1383 1970; x_wconf 86' lang='lat' dir='ltr'>erat</span> <span class='ocrx_word' id='word_1_295' title='bbox 1410 1935 1467 1982; x_wconf 88' lang='lat' dir='ltr'>[cf.</span> <span class='ocrx_word' id='word_1_296' title='bbox 1488 1936 1666 1978; x_wconf 86' lang='lat' dir='ltr'>Ribbeck,</span> <span class='ocrx_word' id='word_1_297' title='bbox 1691 1939 1783 1970; x_wconf 69' lang='lat' dir='ltr'>rom.</span> <span class='ocrx_word' id='word_1_298' title='bbox 1803 1935 1914 1981; x_wconf 80' lang='lat' dir='ltr'>Trag.</span> 
     </span>
     <span class='ocr_line' id='line_1_31' title="bbox 340 1988 1913 2034; baseline 0.001 -11"><span class='ocrx_word' id='word_1_299' title='bbox 340 1991 431 2024; x_wconf 79' lang='lat'>1875</span> <span class='ocrx_word' id='word_1_300' title='bbox 450 2000 486 2033; x_wconf 92' lang='lat' dir='ltr'>p.</span> <span class='ocrx_word' id='word_1_301' title='bbox 503 1992 590 2033; x_wconf 78' lang='lat'><strong>6303</strong></span> <span class='ocrx_word' id='word_1_302' title='bbox 614 1989 788 2023; x_wconf 88' lang='lat' dir='ltr'>Mirmont</span> <span class='ocrx_word' id='word_1_303' title='bbox 807 1988 957 2034; x_wconf 88' lang='lat' dir='ltr'>(Etudes</span> <span class='ocrx_word' id='word_1_304' title='bbox 978 1999 1040 2023; x_wconf 90' lang='lat' dir='ltr'>sur</span> <span class='ocrx_word' id='word_1_305' title='bbox 1056 1989 1260 2024; x_wconf 85' lang='lat' dir='ltr'>l‘ancienne</span> <span class='ocrx_word' id='word_1_306' title='bbox 1278 1988 1405 2033; x_wconf 73' lang='lat' dir='ltr'>poesie</span> <span class='ocrx_word' id='word_1_307' title='bbox 1423 1989 1537 2024; x_wconf 87' lang='lat' dir='ltr'>latine</span> <span class='ocrx_word' id='word_1_308' title='bbox 1559 1992 1649 2024; x_wconf 87' lang='grc'><strong>1903</strong></span> <span class='ocrx_word' id='word_1_309' title='bbox 1669 2001 1706 2034; x_wconf 89' lang='lat' dir='ltr'>p.</span> <span class='ocrx_word' id='word_1_310' title='bbox 1734 1991 1913 2034; x_wconf 81' lang='lat'>205—18)</span> 
     </span>
     <span class='ocr_line' id='line_1_32' title="bbox 338 2041 1912 2087; baseline 0 -10"><span class='ocrx_word' id='word_1_311' title='bbox 338 2042 419 2077; x_wconf 88' lang='lat' dir='ltr'>eius</span> <span class='ocrx_word' id='word_1_312' title='bbox 450 2042 622 2077; x_wconf 78' lang='lat' dir='ltr'>carminis</span> <span class='ocrx_word' id='word_1_313' title='bbox 654 2042 840 2086; x_wconf 83' lang='lat' dir='ltr'>exemplar</span> <span class='ocrx_word' id='word_1_314' title='bbox 874 2041 1081 2086; x_wconf 85' lang='lat' dir='ltr'>suspicatur</span> <span class='ocrx_word' id='word_1_315' title='bbox 1113 2042 1351 2087; x_wconf 43' lang='lat' dir='ltr'>tragoediam„</span> <span class='ocrx_word' id='word_1_316' title='bbox 1373 2042 1562 2086; x_wconf 89' lang='lat' dir='ltr'>quandam</span> <span class='ocrx_word' id='word_1_317' title='bbox 1596 2053 1779 2087; x_wconf 84' lang='lat' dir='ltr'>graecam,</span> <span class='ocrx_word' id='word_1_318' title='bbox 1815 2052 1912 2086; x_wconf 79' lang='lat' dir='ltr'>quae</span> 
     </span>
     <span class='ocr_line' id='line_1_33' title="bbox 342 2094 1913 2142; baseline 0.001 -13"><span class='ocrx_word' id='word_1_319' title='bbox 342 2094 448 2130; x_wconf 89' lang='lat' dir='ltr'>Nelei</span> <span class='ocrx_word' id='word_1_320' title='bbox 473 2095 622 2130; x_wconf 88' lang='lat' dir='ltr'>nomine</span> <span class='ocrx_word' id='word_1_321' title='bbox 647 2095 811 2130; x_wconf 86' lang='lat' dir='ltr'>fabulam</span> <span class='ocrx_word' id='word_1_322' title='bbox 835 2095 984 2130; x_wconf 87' lang='lat' dir='ltr'>Romuli</span> <span class='ocrx_word' id='word_1_323' title='bbox 1009 2095 1181 2142; x_wconf 72' lang='lat' dir='ltr'>finxerit}</span> <span class='ocrx_word' id='word_1_324' title='bbox 1224 2107 1291 2140; x_wconf 90' lang='lat' dir='ltr'>pro</span> <span class='ocrx_word' id='word_1_325' title='bbox 1318 2097 1413 2130; x_wconf 87' lang='lat' dir='ltr'>certo</span> <span class='ocrx_word' id='word_1_326' title='bbox 1439 2098 1563 2130; x_wconf 89' lang='lat' dir='ltr'>autem</span> <span class='ocrx_word' id='word_1_327' title='bbox 1588 2095 1724 2138; x_wconf 90' lang='lat' dir='ltr'>iudico,</span> <span class='ocrx_word' id='word_1_328' title='bbox 1748 2105 1824 2130; x_wconf 89' lang='lat' dir='ltr'>non</span> <span class='ocrx_word' id='word_1_329' title='bbox 1851 2095 1913 2131; x_wconf 88' lang='lat' dir='ltr'>de-</span> 
     </span>
     <span class='ocr_line' id='line_1_34' title="bbox 335 2148 1915 2192; baseline 0 -9"><span class='ocrx_word' id='word_1_330' title='bbox 335 2159 449 2183; x_wconf 87' lang='lat' dir='ltr'>mum</span> <span class='ocrx_word' id='word_1_331' title='bbox 478 2148 695 2183; x_wconf 88' lang='lat' dir='ltr'>historicum</span> <span class='ocrx_word' id='word_1_332' title='bbox 726 2149 913 2192; x_wconf 88' lang='lat' dir='ltr'>quendam</span> <span class='ocrx_word' id='word_1_333' title='bbox 943 2148 1150 2184; x_wconf 90' lang='lat' dir='ltr'>Romanum</span> <span class='ocrx_word' id='word_1_334' title='bbox 1180 2150 1295 2184; x_wconf 83' lang='lat' dir='ltr'>totam</span> <span class='ocrx_word' id='word_1_335' title='bbox 1328 2159 1406 2183; x_wconf 87' lang='lat' dir='ltr'>rem</span> <span class='ocrx_word' id='word_1_336' title='bbox 1441 2160 1519 2183; x_wconf 85' lang='lat' dir='ltr'>esse</span> <span class='ocrx_word' id='word_1_337' title='bbox 1549 2148 1737 2191; x_wconf 87' lang='lat' dir='ltr'>molitum;</span> <span class='ocrx_word' id='word_1_338' title='bbox 1773 2148 1915 2183; x_wconf 88' lang='lat' dir='ltr'>accedit</span> 
     </span>
     <span class='ocr_line' id='line_1_35' title="bbox 344 2201 1914 2247; baseline 0.001 -12"><span class='ocrx_word' id='word_1_339' title='bbox 344 2202 454 2245; x_wconf 88' lang='lat' dir='ltr'>quod,</span> <span class='ocrx_word' id='word_1_340' title='bbox 481 2201 667 2246; x_wconf 83' lang='lat' dir='ltr'>siquidem</span> <span class='ocrx_word' id='word_1_341' title='bbox 685 2201 827 2237; x_wconf 86' lang='lat' dir='ltr'>Hdtus</span> <span class='ocrx_word' id='word_1_342' title='bbox 854 2202 1041 2237; x_wconf 87' lang='lat' dir='ltr'>adhibitus</span> <span class='ocrx_word' id='word_1_343' title='bbox 1062 2204 1127 2245; x_wconf 83' lang='lat' dir='ltr'>est,</span> <span class='ocrx_word' id='word_1_344' title='bbox 1153 2202 1192 2236; x_wconf 89' lang='lat' dir='ltr'>id</span> <span class='ocrx_word' id='word_1_345' title='bbox 1211 2203 1330 2247; x_wconf 88' lang='lat' dir='ltr'>magis</span> <span class='ocrx_word' id='word_1_346' title='bbox 1351 2204 1491 2247; x_wconf 87' lang='lat' dir='ltr'>spectat</span> <span class='ocrx_word' id='word_1_347' title='bbox 1508 2202 1547 2236; x_wconf 90' lang='lat' dir='ltr'>in</span> <span class='ocrx_word' id='word_1_348' title='bbox 1567 2202 1781 2246; x_wconf 74' lang='lat' dir='ltr'>scriptorem</span> <span class='ocrx_word' id='word_1_349' title='bbox 1800 2201 1914 2237; x_wconf 81' lang='lat' dir='ltr'>Grae-</span> 
     </span>
     <span class='ocr_line' id='line_1_36' title="bbox 339 2254 1912 2300; baseline 0.001 -11"><span class='ocrx_word' id='word_1_350' title='bbox 339 2266 423 2289; x_wconf 87' lang='lat' dir='ltr'>cum</span> <span class='ocrx_word' id='word_1_351' title='bbox 444 2265 557 2299; x_wconf 88' lang='lat' dir='ltr'>quam</span> <span class='ocrx_word' id='word_1_352' title='bbox 574 2255 793 2291; x_wconf 88' lang='lat' dir='ltr'>Romanum.</span> <span class='ocrx_word' id='word_1_353' title='bbox 819 2255 887 2290; x_wconf 90' lang='lat' dir='ltr'>etsi</span> <span class='ocrx_word' id='word_1_354' title='bbox 907 2255 1026 2291; x_wconf 88' lang='lat' dir='ltr'>Ennio</span> <span class='ocrx_word' id='word_1_355' title='bbox 1052 2256 1125 2300; x_wconf 84' lang='lat' dir='ltr'>ipsi</span> <span class='ocrx_word' id='word_1_356' title='bbox 1151 2256 1230 2299; x_wconf 81' lang='lat' dir='ltr'>Ilia,</span> <span class='ocrx_word' id='word_1_357' title='bbox 1256 2255 1397 2290; x_wconf 89' lang='lat' dir='ltr'>Amulii</span> <span class='ocrx_word' id='word_1_358' title='bbox 1416 2254 1502 2298; x_wconf 79' lang='lat' dir='ltr'>filia,</span> <span class='ocrx_word' id='word_1_359' title='bbox 1528 2255 1649 2299; x_wconf 88' lang='lat' dir='ltr'>neptis</span> <span class='ocrx_word' id='word_1_360' title='bbox 1670 2256 1748 2290; x_wconf 89' lang='lat' dir='ltr'>erat</span> <span class='ocrx_word' id='word_1_361' title='bbox 1765 2254 1912 2290; x_wconf 83' lang='lat' dir='ltr'>Aeneae</span> 
     </span>
     <span class='ocr_line' id='line_1_37' title="bbox 335 2307 1912 2354; baseline -0.001 -10"><span class='ocrx_word' id='word_1_362' title='bbox 335 2308 393 2353; x_wconf 84' lang='lat' dir='ltr'>(cf.</span> <span class='ocrx_word' id='word_1_363' title='bbox 414 2307 545 2343; x_wconf 90' lang='lat' dir='ltr'>Annal.</span> <span class='ocrx_word' id='word_1_364' title='bbox 558 2307 582 2344; x_wconf 92' lang='lat'>1.</span> <span class='ocrx_word' id='word_1_365' title='bbox 603 2308 618 2342; x_wconf 96' lang='lat' dir='ltr'>I</span> <span class='ocrx_word' id='word_1_366' title='bbox 637 2309 679 2344; x_wconf 89' lang='lat' dir='ltr'>fr.</span> <span class='ocrx_word' id='word_1_367' title='bbox 701 2311 745 2343; x_wconf 81' lang='lat'>28</span> <span class='ocrx_word' id='word_1_368' title='bbox 765 2320 813 2345; x_wconf 86' lang='lat' dir='ltr'>ss.</span> <span class='ocrx_word' id='word_1_369' title='bbox 826 2308 947 2354; x_wconf 91' lang='lat' dir='ltr'>Vahl).</span> <span class='ocrx_word' id='word_1_370' title='bbox 973 2319 1138 2344; x_wconf 88' lang='lat' dir='ltr'>summae</span> <span class='ocrx_word' id='word_1_371' title='bbox 1156 2320 1242 2344; x_wconf 84' lang='lat' dir='ltr'>vero</span> <span class='ocrx_word' id='word_1_372' title='bbox 1261 2308 1485 2343; x_wconf 80' lang='lat' dir='ltr'>auctoritatis</span> <span class='ocrx_word' id='word_1_373' title='bbox 1511 2310 1576 2351; x_wconf 86' lang='lat' dir='ltr'>est,</span> <span class='ocrx_word' id='word_1_374' title='bbox 1602 2307 1695 2352; x_wconf 87' lang='lat' dir='ltr'>quid</span> <span class='ocrx_word' id='word_1_375' title='bbox 1720 2308 1768 2343; x_wconf 87' lang='lat' dir='ltr'>sit</span> <span class='ocrx_word' id='word_1_376' title='bbox 1781 2308 1912 2343; x_wconf 88' lang='lat' dir='ltr'>&#39;dicen-</span> 
     </span>
     <span class='ocr_line' id='line_1_38' title="bbox 341 2360 1913 2407; baseline 0.001 -12"><span class='ocrx_word' id='word_1_377' title='bbox 341 2362 431 2396; x_wconf 87' lang='lat' dir='ltr'>dum</span> <span class='ocrx_word' id='word_1_378' title='bbox 451 2362 497 2396; x_wconf 90' lang='lat' dir='ltr'>de</span> <span class='ocrx_word' id='word_1_379' title='bbox 515 2361 580 2396; x_wconf 87' lang='lat' dir='ltr'>illa</span> <span class='ocrx_word' id='word_1_380' title='bbox 597 2362 687 2407; x_wconf 88' lang='lat' dir='ltr'>lupa</span> <span class='ocrx_word' id='word_1_381' title='bbox 705 2360 922 2407; x_wconf 85' lang='lat' dir='ltr'>Capitolina.</span> <span class='ocrx_word' id='word_1_382' title='bbox 958 2363 1003 2398; x_wconf 89' lang='lat' dir='ltr'>de</span> <span class='ocrx_word' id='word_1_383' title='bbox 1023 2374 1098 2406; x_wconf 89' lang='lat' dir='ltr'>qua</span> <span class='ocrx_word' id='word_1_384' title='bbox 1117 2373 1230 2407; x_wconf 87' lang='lat' dir='ltr'>quam</span> <span class='ocrx_word' id='word_1_385' title='bbox 1249 2362 1466 2397; x_wconf 80' lang='lat' dir='ltr'>sententiam</span> <span class='ocrx_word' id='word_1_386' title='bbox 1484 2362 1714 2406; x_wconf 89' lang='lat' dir='ltr'>protulerunt</span> <span class='ocrx_word' id='word_1_387' title='bbox 1726 2361 1913 2396; x_wconf 89' lang='lat' dir='ltr'>Dieterich</span> 
     </span>
     <span class='ocr_line' id='line_1_39' title="bbox 336 2414 1911 2460; baseline 0.001 -11"><span class='ocrx_word' id='word_1_388' title='bbox 336 2414 420 2455; x_wconf 79' lang='lat' dir='ltr'>(Rh.</span> <span class='ocrx_word' id='word_1_389' title='bbox 439 2414 488 2450; x_wconf 86' lang='lat' dir='ltr'>M.</span> <span class='ocrx_word' id='word_1_390' title='bbox 511 2418 601 2450; x_wconf 88' lang='grc'><strong>1900</strong></span> <span class='ocrx_word' id='word_1_391' title='bbox 626 2427 662 2459; x_wconf 86' lang='lat' dir='ltr'>p.</span> <span class='ocrx_word' id='word_1_392' title='bbox 690 2418 772 2460; x_wconf 83' lang='lat'>206)</span> <span class='ocrx_word' id='word_1_393' title='bbox 799 2418 835 2450; x_wconf 84' lang='lat' dir='ltr'>et</span> <span class='ocrx_word' id='word_1_394' title='bbox 859 2415 917 2450; x_wconf 92' lang='lat' dir='ltr'>W.</span> <span class='ocrx_word' id='word_1_395' title='bbox 939 2415 1075 2459; x_wconf 85' lang='lat' dir='ltr'>Soltau,</span> <span class='ocrx_word' id='word_1_396' title='bbox 1101 2415 1184 2450; x_wconf 79' lang='lat' dir='ltr'>Anf.</span> <span class='ocrx_word' id='word_1_397' title='bbox 1206 2416 1241 2451; x_wconf 90' lang='lat' dir='ltr'>d.</span> <span class='ocrx_word' id='word_1_398' title='bbox 1261 2419 1351 2450; x_wconf 74' lang='lat' dir='ltr'>rom.</span> <span class='ocrx_word' id='word_1_399' title='bbox 1370 2415 1500 2450; x_wconf 86' lang='lat' dir='ltr'>Gesch.</span> <span class='ocrx_word' id='word_1_400' title='bbox 1529 2419 1619 2450; x_wconf 86' lang='grc'><strong>1909</strong></span> <span class='ocrx_word' id='word_1_401' title='bbox 1646 2427 1682 2459; x_wconf 88' lang='lat' dir='ltr'>p.</span> <span class='ocrx_word' id='word_1_402' title='bbox 1709 2419 1754 2450; x_wconf 84' lang='lat'>25</span> <span class='ocrx_word' id='word_1_403' title='bbox 1770 2426 1830 2459; x_wconf 64' lang='lat' dir='ltr'>ss„</span> <span class='ocrx_word' id='word_1_404' title='bbox 1854 2426 1911 2450; x_wconf 87' lang='lat' dir='ltr'>re-</span> 
     </span>
     <span class='ocr_line' id='line_1_40' title="bbox 335 2467 1910 2514; baseline 0.001 -13"><span class='ocrx_word' id='word_1_405' title='bbox 335 2467 475 2511; x_wconf 85' lang='lat' dir='ltr'>pellere</span> <span class='ocrx_word' id='word_1_406' title='bbox 507 2470 656 2503; x_wconf 88' lang='lat' dir='ltr'>conatus</span> <span class='ocrx_word' id='word_1_407' title='bbox 689 2470 744 2504; x_wconf 86' lang='lat' dir='ltr'>est</span> <span class='ocrx_word' id='word_1_408' title='bbox 766 2468 938 2504; x_wconf 89' lang='lat' dir='ltr'>Petersen</span> <span class='ocrx_word' id='word_1_409' title='bbox 964 2469 1059 2514; x_wconf 84' lang='lat' dir='ltr'>(Klio</span> <span class='ocrx_word' id='word_1_410' title='bbox 1086 2473 1107 2504; x_wconf 92' lang='lat'>8</span> <span class='ocrx_word' id='word_1_411' title='bbox 1135 2472 1225 2504; x_wconf 90' lang='grc'><strong>1908</strong></span> <span class='ocrx_word' id='word_1_412' title='bbox 1250 2481 1287 2513; x_wconf 91' lang='lat' dir='ltr'>p.</span> <span class='ocrx_word' id='word_1_413' title='bbox 1313 2472 1489 2511; x_wconf 81' lang='lat'>440—56,</span> <span class='ocrx_word' id='word_1_414' title='bbox 1518 2471 1537 2503; x_wconf 86' lang='lat'>9</span> <span class='ocrx_word' id='word_1_415' title='bbox 1566 2472 1657 2503; x_wconf 89' lang='grc'><strong>1909</strong></span> <span class='ocrx_word' id='word_1_416' title='bbox 1683 2480 1720 2513; x_wconf 89' lang='lat' dir='ltr'>p.</span> <span class='ocrx_word' id='word_1_417' title='bbox 1741 2470 1910 2514; x_wconf 76' lang='grc'><strong>29-47),</strong></span> 
     </span>
     <span class='ocr_line' id='line_1_41' title="bbox 336 2520 1911 2567; baseline 0.001 -13"><span class='ocrx_word' id='word_1_418' title='bbox 336 2531 420 2555; x_wconf 91' lang='lat' dir='ltr'>cum</span> <span class='ocrx_word' id='word_1_419' title='bbox 443 2520 571 2565; x_wconf 87' lang='lat' dir='ltr'>lupam</span> <span class='ocrx_word' id='word_1_420' title='bbox 597 2521 717 2556; x_wconf 89' lang='lat' dir='ltr'>adhuc</span> <span class='ocrx_word' id='word_1_421' title='bbox 743 2524 935 2565; x_wconf 84' lang='lat' dir='ltr'>servatam,</span> <span class='ocrx_word' id='word_1_422' title='bbox 962 2522 1020 2557; x_wconf 93' lang='lat' dir='ltr'>cui</span> <span class='ocrx_word' id='word_1_423' title='bbox 1046 2522 1102 2557; x_wconf 87' lang='lat' dir='ltr'>illi</span> <span class='ocrx_word' id='word_1_424' title='bbox 1127 2533 1223 2558; x_wconf 90' lang='lat' dir='ltr'>anno</span> <span class='ocrx_word' id='word_1_425' title='bbox 1248 2533 1280 2557; x_wconf 90' lang='lat' dir='ltr'>a.</span> <span class='ocrx_word' id='word_1_426' title='bbox 1302 2521 1383 2557; x_wconf 86' lang='lat' dir='ltr'>Chr.</span> <span class='ocrx_word' id='word_1_427' title='bbox 1403 2534 1438 2557; x_wconf 87' lang='lat' dir='ltr'>n.</span> <span class='ocrx_word' id='word_1_428' title='bbox 1460 2525 1528 2556; x_wconf 82' lang='grc'><strong>296</strong></span> <span class='ocrx_word' id='word_1_429' title='bbox 1549 2522 1594 2556; x_wconf 89' lang='lat' dir='ltr'>ab</span> <span class='ocrx_word' id='word_1_430' title='bbox 1617 2521 1787 2567; x_wconf 87' lang='lat' dir='ltr'>Ogulniis</span> <span class='ocrx_word' id='word_1_431' title='bbox 1807 2522 1911 2557; x_wconf 81' lang='lat' dir='ltr'>aedi-</span> 
     </span>
     <span class='ocr_line' id='line_1_42' title="bbox 336 2571 1911 2620; baseline 0.003 -14"><span class='ocrx_word' id='word_1_432' title='bbox 336 2571 435 2608; x_wconf 87' lang='lat' dir='ltr'>libus</span> <span class='ocrx_word' id='word_1_433' title='bbox 467 2573 506 2608; x_wconf 90' lang='lat' dir='ltr'>in</span> <span class='ocrx_word' id='word_1_434' title='bbox 536 2574 713 2619; x_wconf 86' lang='lat' dir='ltr'>lupercali</span> <span class='ocrx_word' id='word_1_435' title='bbox 749 2575 953 2610; x_wconf 90' lang='lat' dir='ltr'>conditores</span> <span class='ocrx_word' id='word_1_436' title='bbox 984 2575 1142 2610; x_wconf 84' lang='lat' dir='ltr'>infantes</span> <span class='ocrx_word' id='word_1_437' title='bbox 1174 2575 1383 2620; x_wconf 86' lang='lat' dir='ltr'>suppositos</span> <span class='ocrx_word' id='word_1_438' title='bbox 1416 2586 1494 2610; x_wconf 87' lang='lat' dir='ltr'>esse</span> <span class='ocrx_word' id='word_1_439' title='bbox 1526 2577 1684 2618; x_wconf 88' lang='lat' dir='ltr'>censent,</span> <span class='ocrx_word' id='word_1_440' title='bbox 1719 2585 1795 2610; x_wconf 89' lang='lat' dir='ltr'>una</span> <span class='ocrx_word' id='word_1_441' title='bbox 1825 2586 1911 2610; x_wconf 87' lang='lat' dir='ltr'>cum</span> 
     </span>
     <span class='ocr_line' id='line_1_43' title="bbox 338 2626 1909 2673; baseline 0.002 -12"><span class='ocrx_word' id='word_1_442' title='bbox 338 2626 497 2670; x_wconf 79' lang='lat' dir='ltr'>geminis</span> <span class='ocrx_word' id='word_1_443' title='bbox 523 2628 709 2663; x_wconf 90' lang='lat' dir='ltr'>contendit</span> <span class='ocrx_word' id='word_1_444' title='bbox 733 2628 808 2662; x_wconf 87' lang='lat' dir='ltr'>iam</span> <span class='ocrx_word' id='word_1_445' title='bbox 833 2630 934 2663; x_wconf 81' lang='lat' dir='ltr'>sexto</span> <span class='ocrx_word' id='word_1_446' title='bbox 959 2628 1035 2663; x_wconf 88' lang='lat' dir='ltr'>fere</span> <span class='ocrx_word' id='word_1_447' title='bbox 1060 2629 1204 2664; x_wconf 82' lang='lat' dir='ltr'>saeculo</span> <span class='ocrx_word' id='word_1_448' title='bbox 1236 2629 1282 2663; x_wconf 91' lang='lat' dir='ltr'>ab</span> <span class='ocrx_word' id='word_1_449' title='bbox 1303 2628 1496 2673; x_wconf 89' lang='lat' dir='ltr'>opificibus</span> <span class='ocrx_word' id='word_1_450' title='bbox 1529 2628 1662 2664; x_wconf 87' lang='lat' dir='ltr'>Ionicis</span> <span class='ocrx_word' id='word_1_451' title='bbox 1689 2629 1909 2664; x_wconf 78' lang='lat' dir='ltr'>exstructam</span> 
     </span>
     <span class='ocr_line' id='line_1_44' title="bbox 336 2679 1910 2727; baseline 0.002 -13"><span class='ocrx_word' id='word_1_452' title='bbox 336 2679 624 2725; x_wconf 84' lang='lat' dir='ltr'>collocatamque</span> <span class='ocrx_word' id='word_1_453' title='bbox 651 2693 729 2716; x_wconf 86' lang='lat' dir='ltr'>esse</span> <span class='ocrx_word' id='word_1_454' title='bbox 755 2682 794 2715; x_wconf 91' lang='lat' dir='ltr'>in</span> <span class='ocrx_word' id='word_1_455' title='bbox 820 2681 1016 2726; x_wconf 79' lang='lat' dir='ltr'>Capitoli03</span> <span class='ocrx_word' id='word_1_456' title='bbox 1052 2683 1175 2717; x_wconf 87' lang='lat' dir='ltr'>tamen</span> <span class='ocrx_word' id='word_1_457' title='bbox 1199 2681 1371 2717; x_wconf 91' lang='lat' dir='ltr'>Petersen</span> <span class='ocrx_word' id='word_1_458' title='bbox 1402 2682 1482 2726; x_wconf 88' lang='lat' dir='ltr'>ipse</span> <span class='ocrx_word' id='word_1_459' title='bbox 1517 2682 1621 2717; x_wconf 89' lang='lat' dir='ltr'>addit</span> <span class='ocrx_word' id='word_1_460' title='bbox 1645 2694 1682 2727; x_wconf 89' lang='lat' dir='ltr'>p.</span> <span class='ocrx_word' id='word_1_461' title='bbox 1707 2685 1772 2717; x_wconf 78' lang='lat'>45:</span> <span class='ocrx_word' id='word_1_462' title='bbox 1811 2681 1910 2717; x_wconf 83' lang='lat' dir='ltr'>‘eine</span> 
     </span>
     <span class='ocr_line' id='line_1_45' title="bbox 334 2732 1908 2780; baseline 0.002 -13"><span class='ocrx_word' id='word_1_463' title='bbox 334 2732 504 2777; x_wconf 90' lang='lat' dir='ltr'>Legende</span> <span class='ocrx_word' id='word_1_464' title='bbox 530 2745 602 2768; x_wconf 84' lang='lat' dir='ltr'>von</span> <span class='ocrx_word' id='word_1_465' title='bbox 628 2735 699 2768; x_wconf 89' lang='lat' dir='ltr'>den</span> <span class='ocrx_word' id='word_1_466' title='bbox 725 2735 951 2780; x_wconf 82' lang='lat' dir='ltr'>Zwillingcn,</span> <span class='ocrx_word' id='word_1_467' title='bbox 984 2746 1049 2770; x_wconf 88' lang='lat' dir='ltr'>aus</span> <span class='ocrx_word' id='word_1_468' title='bbox 1082 2736 1146 2770; x_wconf 89' lang='lat' dir='ltr'>der</span> <span class='ocrx_word' id='word_1_469' title='bbox 1171 2735 1250 2770; x_wconf 89' lang='lat' dir='ltr'>sich</span> <span class='ocrx_word' id='word_1_470' title='bbox 1280 2736 1341 2770; x_wconf 86' lang='lat' dir='ltr'>die</span> <span class='ocrx_word' id='word_1_471' title='bbox 1366 2735 1578 2780; x_wconf 86' lang='lat' dir='ltr'>Erzgruppe</span> <span class='ocrx_word' id='word_1_472' title='bbox 1610 2735 1777 2771; x_wconf 80' lang='lat' dir='ltr'>erkl&#39;aren</span> <span class='ocrx_word' id='word_1_473' title='bbox 1801 2734 1908 2777; x_wconf 77' lang='lat' dir='ltr'>liesse,</span> 
     </span>
     <span class='ocr_line' id='line_1_46' title="bbox 334 2783 1909 2832; baseline 0.003 -14"><span class='ocrx_word' id='word_1_474' title='bbox 334 2783 434 2820; x_wconf 86' lang='lat' dir='ltr'>kann</span> <span class='ocrx_word' id='word_1_475' title='bbox 458 2786 560 2821; x_wconf 89' lang='lat' dir='ltr'>nicht</span> <span class='ocrx_word' id='word_1_476' title='bbox 583 2789 855 2832; x_wconf 86' lang='lat' dir='ltr'>vorausgesetzt</span> <span class='ocrx_word' id='word_1_477' title='bbox 879 2788 1042 2823; x_wconf 84' lang='lat' dir='ltr'>werden:</span> <span class='ocrx_word' id='word_1_478' title='bbox 1075 2788 1252 2823; x_wconf 76' lang='lat' dir='ltr'>vielm0hr</span> <span class='ocrx_word' id='word_1_479' title='bbox 1275 2788 1400 2823; x_wconf 84' lang='lat' dir='ltr'>halten</span> <span class='ocrx_word' id='word_1_480' title='bbox 1425 2789 1492 2823; x_wconf 86' lang='lat' dir='ltr'>wir</span> <span class='ocrx_word' id='word_1_481' title='bbox 1517 2790 1556 2823; x_wconf 94' lang='lat' dir='ltr'>in</span> <span class='ocrx_word' id='word_1_482' title='bbox 1582 2789 1647 2824; x_wconf 89' lang='lat' dir='ltr'>der</span> <span class='ocrx_word' id='word_1_483' title='bbox 1672 2788 1811 2823; x_wconf 68' lang='lat' dir='ltr'>Wolfin</span> <span class='ocrx_word' id='word_1_484' title='bbox 1837 2788 1909 2823; x_wconf 90' lang='lat' dir='ltr'>den</span> 
     </span>
     <span class='ocr_line' id='line_1_47' title="bbox 333 2838 1906 2888; baseline 0.001 -14"><span class='ocrx_word' id='word_1_485' title='bbox 333 2838 527 2884; x_wconf 87' lang='lat' dir='ltr'>Ursprung</span> <span class='ocrx_word' id='word_1_486' title='bbox 546 2840 610 2874; x_wconf 90' lang='lat' dir='ltr'>der</span> <span class='ocrx_word' id='word_1_487' title='bbox 628 2839 799 2885; x_wconf 86' lang='lat' dir='ltr'>Legende</span> <span class='ocrx_word' id='word_1_488' title='bbox 819 2841 858 2875; x_wconf 90' lang='lat' dir='ltr'>in</span> <span class='ocrx_word' id='word_1_489' title='bbox 877 2852 1012 2876; x_wconf 89' lang='lat' dir='ltr'>unsern</span> <span class='ocrx_word' id='word_1_490' title='bbox 1031 2841 1201 2876; x_wconf 75' lang='lat' dir='ltr'>Handen‘</span> <span class='ocrx_word' id='word_1_491' title='bbox 1218 2843 1345 2888; x_wconf 87' lang='lat' dir='ltr'>(quare</span> <span class='ocrx_word' id='word_1_492' title='bbox 1359 2853 1441 2877; x_wconf 87' lang='lat' dir='ltr'>eam</span> <span class='ocrx_word' id='word_1_493' title='bbox 1461 2842 1680 2878; x_wconf 86' lang='lat' dir='ltr'>sententiam</span> <span class='ocrx_word' id='word_1_494' title='bbox 1700 2841 1906 2878; x_wconf 85' lang='lat' dir='ltr'>accuratius</span> 
     </span>
     <span class='ocr_line' id='line_1_48' title="bbox 334 2891 731 2938; baseline 0.008 -13"><span class='ocrx_word' id='word_1_495' title='bbox 334 2891 553 2937; x_wconf 85' lang='lat' dir='ltr'>impugnare</span> <span class='ocrx_word' id='word_1_496' title='bbox 579 2893 731 2938; x_wconf 83' lang='lat' dir='ltr'>omitto).</span> 
     </span>
    </p>
   </div>
  </div>
 </body>
</html>
