2106 3320
930 127 1224 169 —52—

288 263 392 303 quae
415 250 592 290 valebant
611 251 651 289 in
672 262 770 289 nova
792 247 1007 288 comoedia.
1035 260 1108 287 nec
1128 260 1199 287 nos
1218 252 1360 300 movet,
1380 247 1486 300 quod
1506 247 1652 287 dicitur
1670 243 1724 302 (V.
1741 242 1864 302 114):

287 311 426 355 ἔδωκε
446 312 484 354 δ’
513 312 661 362 αὐτοῖς
681 311 892 367 πηρίὸιον
912 311 1243 366 γνωρισμάτων.
1282 314 1430 353 scimus
1456 313 1560 352 enim
1587 312 1695 353 alveo
1721 313 1863 353 factam

288 393 379 420 esse
405 381 731 431 recognitionem.
783 380 893 430 atqui
918 379 1096 430 geminos
1122 377 1170 418 ab
1195 379 1282 430 ipso
1314 382 1471 430 pastore
1496 377 1602 417 unde
1628 378 1706 418 orti
1731 384 1865 418 essent

288 445 451 485 edoctos
478 458 566 485 esse
600 440 890 498 crediderim.¹)
940 456 1070 495 neque
1097 444 1202 483 enim
1227 442 1332 483 ultro
1359 444 1674 495 apportavissent
1697 443 1864 494 alveum,

287 523 370 562 quo
384 515 705 562 agnoscerentur.
733 515 848 561 atque
865 514 955 548 ante
970 520 1162 548 novercae
1176 508 1367 548 ultionem
1383 520 1403 547 a
1417 512 1542 548 matre
1562 505 1865 562 ἀναγνώρισιν

289 588 380 615 esse
401 577 541 616 factam
563 572 712 630 (nonne
726 575 803 614 huc
818 579 971 626 spectat
985 586 1019 613 v,
1036 570 1120 613 125
1128 569 1169 628 ‘?)
1190 574 1431 613 coniecerim
1446 586 1467 613 e
1484 573 1656 626 speculis
1670 569 1864 625 Tuscis²),

289 641 359 680 ubi
385 641 433 680 ad
458 646 622 693 puteum
648 645 816 692 utraque
844 652 937 692 pars
964 651 1174 691 congressa
1200 634 1309 694 est.⁸)
1493 676 1497 679 ,

349 707 468 759 Atqui
494 706 702 746 scholiasta
734 706 782 745 ad
808 705 902 744 Eur.
924 704 988 744 Or.
1014 701 1124 744 1691
1159 697 1320 744 exhibet
1349 704 1465 743 haec:
1492 699 1552 732 ‘-
1582 701 1692 744 ἀλλὰ
1717 702 1791 745 καὶ
1815 701 1864 744 ἐν

289 775 342 824 τῇ
356 768 599 825 Ἀλκήστιδι
622 768 668 811 ἐκ
688 776 935 824 συμφορῶν
954 769 1016 817 εἰς
1029 767 1316 823 εὐφροσύνην
1335 764 1407 808 καὶ
1427 765 1679 822 ἄναβιοτήν.
1706 766 1865 821 ὁμοίως

290 834 363 876 καὶ
389 834 437 877 ἐν
465 837 601 889 Τυροῖ
620 833 909 889 Σοφοκλέους
935 832 1267 888 ἀναγνωρισμὸς
1290 833 1399 874 κατὰ
1424 832 1473 874 τὸ
1506 830 1629 882 τέλος
1657 831 1860 887 γίνεται’;

290 907 476 942 eventum
503 904 625 954 igitur
651 903 928 954 cognoscimus
947 912 1183 953 prosperum
1203 912 1248 939 ac
1268 898 1501 952 placabilem
1529 903 1569 938 et
1594 900 1864 951 recognitione

290 966 421 1019 aliqua
442 973 691 1008 exornatum:
718 979 818 1019 quae
844 964 1138 1019 ἀναγνώρισις
1158 966 1383 1005 necessario
1404 969 1465 1004 est
1484 964 1618 1017 altera,
1637 969 1678 1004 et
1696 977 1741 1004 ea
1759 965 1866 1005 inter

290 1032 393 1071 filios
420 1038 460 1072 et
478 1038 663 1085 patruum
684 1032 896 1072 Cretheum
917 1031 977 1070 vel
998 1044 1111 1070 avum
1132 1026 1430 1080 Salmoneum.·²)
1463 1035 1503 1069 et
1522 1029 1616 1069 huic
1636 1031 1695 1069 rei
1714 1041 1864 1083 usurpo

288 1103 568 1148 argumentum
600 1099 770 1137 invicem
805 1110 825 1136 e
857 1096 1014 1136 Romuli
1053 1096 1180 1135 sabula
1218 1097 1404 1147 petitum:
1447 1101 1493 1134 ut
1524 1090 1750 1149 Numitor⁵)
1786 1096 1864 1135 iam

290 1161 415 1202 nobili
439 1163 575 1202 habitu
602 1164 780 1215 corporis
807 1167 924 1214 atque
950 1163 1102 1213 ingenii
1121 1165 1302 1200 movetur
1327 1161 1494 1212 nepotis,
1520 1161 1575 1199 ita
1601 1159 1719 1200 credo
1746 1161 1864 1200 etiam

289 1227 485 1268 Cretheus
511 1229 572 1268 vel
598 1228 829 1268 Salmoneus
855 1234 945 1280 post
965 1227 1169 1267 Sideronis
1188 1225 1378 1265 ultionem
1399 1223 1492 1277 (qua
1513 1227 1553 1264 in
1574 1237 1618 1264 re
1638 1231 1773 1277 pastor
1797 1225 1864 1265 ille

290 1295 440 1345 primas
474 1300 607 1346 partes
644 1295 771 1346 egisse
808 1292 997 1345 videtur):
1037 1298 1153 1344 atque
1188 1291 1261 1331 hoc
1300 1296 1575 1342 argumentum
1613 1303 1635 1330 a
1670 1290 1863 1343 Sophocle

288 1364 495 1411 sumptum
522 1365 582 1399 est
609 1372 629 1399 e
657 1359 747 1411 Cyri
780 1360 1004 1410 cognitione
1038 1353 1161 1412 (apud
1187 1356 1334 1396 Hdtum
1360 1356 1376 1395 1
1405 1352 1522 1410 116).
1573 1355 1728 1396 accedit
1759 1355 1864 1408 quod

291 1425 333 1462 in
360 1423 452 1464 Hdti
479 1425 669 1465 relatione
703 1424 976 1464 desideramus
1007 1424 1252 1462 mentionem
1289 1423 1374 1461 eius
1400 1420 1497 1473 quid
1523 1422 1575 1460 sit
1600 1421 1747 1461 factum
1773 1430 1873 1461 cum'

290 1488 483 1529 Mandane
515 1491 684 1542 expositi
717 1485 892 1542 matre.⁶)
943 1501 1074 1528 nonne
1106 1488 1321 1527 historicus
1352 1487 1471 1526 huius
1498 1499 1654 1538 quoque
1685 1487 1745 1526 rei
1769 1486 1866 1539 quid

292 1554 456 1606 rettulit,
481 1561 598 1607 poeta
623 1560 824 1594 mutuatus
852 1552 941 1594 est?

353 1619 431 1659 Sed
457 1620 584 1660 adhuc
611 1633 700 1659 cum
727 1632 872 1672 paucas
898 1624 1050 1659 tantum
1076 1631 1141 1658 res
1163 1618 1442 1669 detexerimus,
1469 1630 1567 1670 quas
1587 1617 1704 1670 Soph.
1725 1629 1747 1657 e
1773 1615 1864 1669 Cyri

290 1684 562 1725 adulescentia
574 1685 823 1725 transtulerit
843 1686 884 1724 in
898 1684 1001 1736 Tyro
1014 1683 1268 1735 tragoediam,
1288 1696 1412 1723 unum
1427 1687 1703 1734 argumentum
1723 1686 1864 1722 restat:

291 1749 380 1789 dico
407 1763 556 1803 canem,
584 1764 604 1790 a
630 1764 706 1803 qua
726 1750 871 1789 Neleus
897 1751 1083 1789 nutritur.
1111 1750 1257 1788 etenim
1284 1760 1395 1800 equa,
1423 1761 1442 1787 a
1464 1761 1539 1800 qua
1558 1747 1686 1787 Pelias
1712 1752 1752 1787 et
1774 1752 1864 1787 tun—

292 1815 401 1855 ditur
427 1821 465 1854 et
485 1816 613 1868 alitur,
640 1817 786 1868 optime
808 1816 992 1854 convenit
1018 1827 1107 1854 cum
1127 1819 1239 1866 patre
1258 1813 1452 1865 Neptuno,
1481 1825 1673 1864 equorum
1694 1812 1863 1852 domino.

291 1885 428 1920 contra
456 1882 565 1921 canis
592 1893 670 1920 non
698 1886 781 1920 erat
815 1893 886 1920 cur
911 1879 1170 1918 induceretur
1201 1891 1393 1930 equorum
1421 1880 1526 1917 socia
1537 1874 1582 1932 ⁷),
1614 1880 1692 1918 nisi
1717 1878 1863 1918 Hdtum

356 1965 390 2010 1)
413 1964 508 1999 hanc
532 1966 580 2000 ad
599 1977 676 2000 rem
695 1966 807 2000 verba
824 1965 1016 1999 Menandri
1035 1964 1157 1998 minus
1177 1965 1373 2007 praestant,
1394 1963 1571 2007 quoniam
1592 1963 1727 2007 Syrisci
1747 1974 1863 2008 quan-

290 2022 372 2053 tum
396 2019 581 2054 valuerint,
604 2019 804 2063 crepundia
829 2018 877 2052 ad
901 2017 996 2052 filios
1021 2017 1345 2061 recognoscendos,
1372 2017 1621 2051 demonstrare
1643 2016 1804 2052 interest.

354 2074 388 2117 2)
415 2083 509 2116 quae
534 2072 639 2107 affert
662 2072 891 2116 Engelmann
915 2071 939 2106 l.
964 2071 988 2105 1.
1355 2072 1360 2077 “

356 2127 389 2170 3)
415 2138 504 2160 1111111
530 2126 641 2160 etiam
667 2125 761 2159 silva
786 2125 902 2159 densa
927 2123 1053 2169 (ὃάσος
1077 2135 1111 2158 v,
1139 2124 1198 2168 25)
1226 2123 1438 2167 usurpanda
1462 2123 1510 2157 sit:
1534 2122 1682 2166 Tymni,
1708 2122 1862 2157 dubium

292 2180 385 2213 mihi
412 2182 482 2214 est:
518 2190 592 2224 qua
616 2180 655 2213 in
679 2189 719 2213 re
744 2178 895 2213 reiciam
920 2178 968 2212 ad
992 2177 1117 2212 lucum
1142 2176 1306 2221 Neptuni
1332 2187 1475 2211 sacrum
1500 2175 1539 2210 in
1566 2175 1724 2220 speculis
1749 2175 1863 2220 signi-

291 2233 441 2267 ficatum
466 2233 522 2277 (cf.
549 2233 742 2277 Engelm.).

353 2288 388 2330 4)
413 2297 499 2320 nam
525 2296 751 2330 quamquam
770 2285 903 2329 Alphei
923 2284 1085 2318 fluminis
1104 2283 1221 2318 Eliaoi
1239 2283 1377 2318 mentio
1397 2283 1447 2325 fit,
1473 2285 1596 2317 utrum
1615 2282 1654 2316 in
1673 2281 1865 2317 Thessalia

292 2350 341 2373 an
366 2339 405 2373 in
430 2339 534 2373 Elide
561 2339 654 2374 actio
681 2339 728 2373 sit
751 2339 883 2382 posita,
910 2337 1066 2371 dubium
1091 2339 1154 2372 est.
1194 2337 1266 2371 huc
1290 2337 1468 2371 trahenda
1493 2337 1592 2370 sunt:
1623 2335 1765 2379 primus
1790 2337 1862 2369 tra.-

292 2393 447 2437 goediae
466 2404 608 2427 versus:
639 2390 695 2433 τίς
721 2391 823 2435 ὄρνις
849 2390 964 2431 οὕτως
989 2390 1095 2434 (coni.
1123 2390 1305 2435 Welcker)
1332 2389 1481 2433 ἔξεδρον
1507 2389 1631 2434 χώραν
1657 2388 1762 2433 ἔχων,
1789 2398 1863 2432 quo

294 2445 353 2489 (cf.
378 2445 480 2479 Kock
505 2446 552 2480 ad
578 2446 762 2490 Aristoph.
789 2445 855 2479 Av.
884 2446 966 2488 275)
990 2443 1086 2487 Tyro
1119 2443 1302 2488 significat
1325 2443 1439 2477 vitam
1471 2453 1577 2476 suam
1602 2452 1752 2486 vagam,
1783 2443 1864 2476 tum

291 2498 360 2543 frg.
390 2502 473 2533 607:
507 2499 694 2534 Διονύσου
718 2504 785 2534 τοῦ
814 2496 1085 2542 Ταυροφάγους
1117 2496 1333 2541 praesertim
1358 2496 1458 2531 enim
1483 2495 1522 2529 in
1548 2495 1653 2529 Elide
1678 2494 1864 2535 Διόνυσος

297 2555 444 2595 Ταῦρος
469 2551 586 2586 cultus
613 2554 667 2586 est:
696 2552 751 2596 (cf.
779 2551 1024 2595 Pauly-Wiss.
1051 2561 1077 2584 s.
1099 2549 1280 2593 Dionysos
1305 2549 1337 2583 II
1361 2561 1398 2593 p.
1427 2550 1643 2594 103259ss.);
1676 2549 1801 2583 contra.
1823 2547 1863 2582 in

291 2604 439 2639 fabulae
464 2606 688 2649 argumentis
714 2605 828 2649 (velut
852 2605 952 2648 apud
971 2603 1172 2647 Apdorum,
1197 2603 1236 2636 in
1262 2602 1424 2647 scholiis)
1450 2602 1697 2646 praedicatur:
1723 2613 1862 2646 τρεφο-

292 2658 384 2703 μένη
410 2658 515 2702 παρὰ
534 2658 692 2702 Κρήθει,
719 2658 777 2692 cui
802 2660 919 2702 nupta.
943 2660 1007 2692 est.

355 2714 389 2757 5)
416 2713 492 2746 sive
519 2712 670 2754 Aeneas,
698 2712 741 2746 cf.
761 2711 884 2745 Herib.
904 2710 1039 2754 Meyer,
1066 2710 1111 2744 de
1137 2709 1246 2744 Anth.
1266 2709 1341 2744 Pal.
1362 2709 1476 2753 epigr.
1499 2708 1579 2752 Cyz.
1602 2711 1691 2742 1911
1705 2719 1741 2752 p.
1758 2710 1802 2742 80
1811 2718 1858 2742 ss.

355 2768 391 2801 6)
417 2768 571 2800 matrem
596 2775 769 2809 magnam
793 2766 935 2808 partem
960 2763 1079 2808 egisse
1105 2774 1149 2797 ex
1173 2773 1216 2797 eo
1242 2763 1370 2804 elucet,
1397 2762 1496 2805 quod
1522 2762 1600 2796 eius
1626 2761 1744 2806 gratia
1769 2760 1860 2796 Har—

292 2829 412 2862 pagus
437 2818 568 2853 infanti
594 2818 775 2861 pepercit:
803 2817 818 2851 I
845 2820 923 2851 109.

357 2874 389 2915 7)
417 2871 481 2904 sed
507 2871 628 2906 confer
653 2870 752 2914 quod
778 2870 937 2903 diximus
965 2870 1009 2904 de
1034 2869 1101 2914 fig.
1124 2873 1191 2903 594
1219 2866 1495 2915 ἑρρηνοβοσκός.
