2106 3320
960 157 1255 199 —12—

317 275 434 334 siti.¹)
462 280 537 318 etsi
552 278 665 318 aliter
675 290 741 317 res
756 290 798 316 se
813 276 931 316 hahet
944 278 986 316 in
1001 278 1059 317 eis
1073 278 1215 330 causis,
1235 276 1304 317 ubi
1317 289 1443 330 aequa
1455 290 1528 318 vox
1542 283 1711 318 testatur
1723 290 1895 332 aequam-

319 356 484 384 scaenae
505 343 796 395 condicionem3
817 341 857 381 id
878 343 982 382 enim
1003 341 1118 382 nobis
1136 354 1372 394 persuasum
1392 347 1463 395 est,
1483 355 1562 383 non
1582 344 1667 383 sine
1681 356 1758 396 qua
1772 356 1895 384 causa

319 408 554 461 Sophoclem
580 408 733 459 singula
770 406 958 447 vocabula
996 408 1212 460 sumpsisse
1250 406 1298 447 ab
1329 407 1453 448 Hdto:
1491 407 1595 460 quod
1626 414 1762 461 postea
1798 421 1895 462 pro·

316 473 499 514 habimus
526 473 705 526 exemplo
733 473 982 525 apertissimo
1009 472 1135 525 allato,
1162 485 1252 513 cum
1280 473 1521 514 disseremus
1548 473 1595 514 de
1614 486 1709 514 voce
1728 472 1895 527 Μάγος,

316 537 431 594 (Oed.
452 538 496 578 R.
512 535 630 592 387).

374 604 488 644 Nunc
520 605 599 643 iam
630 605 747 644 iustis
779 604 963 643 terminis
987 604 1194 643 materiam
1219 605 1462 656 propositam
1489 605 1896 657 circumscripsimusr

314 675 360 709 ut
390 681 456 708 res
487 670 663 709 incertae
698 675 922 721 temporum
955 667 1272 720 condicionibuS‚
1311 680 1391 708 non
1423 669 1602 721 ipsorum
1633 669 1895 710 familiaritati·

314 733 550 774 tribuendae
572 733 890 774 excluderentur.
911 732 1146 772 Accedimus
1166 733 1214 773 ad
1234 735 1319 786 ipsa
1339 740 1582 787 argumenta,
1608 747 1709 787 quae
1729 747 1777 775 ex
1795 734 1896 776 Hdtt«

315 798 429 839 libris
466 799 668 838 historicis
709 804 863 850 sumpta
897 800 1029 850 putari
1065 804 1234 850 possunt
1270 800 1312 838 in
1350 799 1555 852 Sophoclis
1592 799 1773 852 reliquiis
1810 805 1896 840 tra·-

316 864 559 917 goediarum.
588 877 705 916 quam
733 864 1053 903 dissertationem
1074 865 1128 903 ita
1147 865 1406 916 instituimus,
1431 870 1476 904 ut
1495 877 1695 904 summum
1714 864 1897 907 studium

315 942 509 982 ponamus
535 931 577 968 in
609 929 730 969 rebus
758 929 971 981 translatiS‚
1003 929 1322 981 supplementum
1346 929 1462 969 modo
1489 930 1700 970 afferamus
1725 929 1894 970 vocabu·

314 995 443 1035 lorum
470 994 804 1047 depromptorum.
833 1006 898 1034 res
925 999 1056 1034 autem
1081 994 1291 1035 translatas
1315 995 1372 1034 ita
1399 994 1623 1047 dividimus,
1647 1000 1692 1035 ut
1715 996 1896 1047 primums

315 1060 558 1100 disseramus
593 1060 640 1099 de
675 1059 975 1099 condicionibus
1002 1061 1206 1112 scaenicis,
1238 1065 1322 1099 tum
1350 1060 1397 1099 de
1424 1061 1646 1113 sententiis,
1672 1072 1771 1112 quae
1796 1059 1897 1100 Hdtt-

314 1126 540 1166 auctoritati
567 1124 772 1164 debentur.

379 1246 446 1303 II.
497 1245 575 1299 DE
613 1244 815 1299 REBUS
853 1244 936 1299 AD
975 1245 1361 1299 FABULARUM
1399 1244 1831 1300 FUNDAMENTA

847 1339 1360 1394 PERTINENTIBUS.

666 1447 713 1485 A.
740 1446 812 1484 Dr,
841 1444 1042 1484 soMNlo
1070 1444 1544 1486 GLYTAEMESTRAE.

375 1528 432 1567 Ah
459 1530 572 1568 initio
598 1534 643 1568 ut
662 1528 850 1568 lectorem
871 1527 1022 1567 medias
1042 1529 1083 1567 in
1103 1540 1168 1568 res
1189 1527 1498 1578 introducamuS,
1525 1533 1802 1580 argumentum
1820 1528 1895 1568 eli·

316 1594 445 1644 gimus
466 1593 513 1632 ab
533 1594 718 1633 omnibus
737 1593 917 1645 partibus
938 1594 1224 1633 certissimum:
1247 1593 1332 1633 dico
1353 1595 1551 1634 somnium
1571 1593 1894 1646 Clytaemestrae.-

316 1659 381 1698 hic
414 1660 519 1698 enim
552 1658 662 1698 locus
695 1661 801 1699 inter
826 1671 975 1710 omnes,
1008 1660 1076 1710 qui
1101 1658 1216 1698 nobis
1241 1657 1397 1698 Electra
1421 1658 1623 1711 tragoedia
1647 1657 1898 1711 praebentur

316 1735 364 1763 ex
395 1723 488 1763 Hdti
519 1724 697 1764 historiis
730 1725 921 1776 expressi,
953 1725 1122 1763 maxime
1156 1723 1297 1775 dignus
1324 1729 1395 1775 est,
1422 1725 1534 1763 cuius
1562 1723 1773 1776 diligenter
1797 1735 1892 1763 con·

317 1789 543 1829 siderentur
569 1789 821 1829 condiciones
848 1802 989 1829 causae
1021 1790 1092 1828 vis.

376 1853 452 1893 Ubi
477 1856 605 1906 primo
631 1860 793 1906 aspectu
819 1854 924 1894 cadit
948 1855 989 1893 in
1016 1853 1150 1893 oculos
1171 1853 1404 1906 Sophoclem
1423 1866 1588 1906 prorsus
1609 1854 1820 1894 dissentire
1841 1852 1896 1894 ab

316 1918 521 1970 Aeschylo.
561 1931 677 1970 quam
713 1924 845 1958 autem
880 1919 1045 1958 formam
1077 1920 1191 1959 finxit
1218 1919 1354 1971 Soph.,
1386 1919 1524 1959 eadem
1555 1920 1757 1959 invenitur
1787 1919 1895 1972 apud

319 1983 485 2037 Hdtum3
512 1996 632 2035 quare
654 1983 863 2023 dummodo
892 1984 1208 2024 demonstremus
1227 1984 1417 2036 Aeschylo
1437 1984 1670 2024 tribuendas
1690 1996 1777 2024 esse
1797 1997 1894 2024 con·

319 2049 495 2088 diciones
526 2050 774 2100 vetustiores,
807 2048 990 2088 concludi
1020 2054 1151 2101 potest
1184 2049 1230 2089 de
1257 2051 1420 2101 ratione,
1453 2061 1554 2101 quae
1586 2050 1754 2089 interest
1783 2051 1897 2089 inter

316 2115 511 2165 tragicum
537 2119 576 2153 et
602 2114 845 2153 historicum.

378 2178 660 2231 Comparemus
685 2180 807 2231 igitur
831 2185 1040 2231 utramque
1067 2181 1194 2219 somni
1221 2180 1402 2220 sormam:
1435 2178 1648 2232 Sophocles
1674 2178 1895 2231 Clytaeme-

321 2251 443 2283 stram
465 2257 538 2296 per
557 2257 740 2284 somnum
759 2244 906 2284 vidisse
926 2245 1041 2296 fingit
1058 2245 1391 2296 Agamemnonem
1411 2244 1459 2285 ad
1478 2257 1643 2297 superos
1658 2249 1697 2284 et
1709 2245 1750 2283 in
1762 2244 1891 2296 ipsius

319 2310 513 2360 gremium
540 2322 743 2349 reversum
770 2309 1027 2349 collocantem
1052 2311 1093 2349 in
1114 2312 1244 2362 regiae
1265 2311 1349 2350 foco
1369 2315 1570 2362 sceptrum
1591 2321 1719 2361 suum,
1744 2321 1791 2349 ex
1811 2321 1896 2361 quo·

318 2373 594 2413 frondescente
620 2376 936 2426 progerminaret
961 2387 1094 2415 ramus
1120 2381 1241 2415 totam
1263 2375 1564 2428 Mycenaeorum
1583 2379 1731 2414 terram
1751 2373 1888 2414 obum-

318 2438 505 2479 braturus
527 2436 857 2494 (E1.417—23).
885 2445 1020 2480 contra
1040 2440 1256 2493 Aeschylus
1278 2437 1415 2495 (Choe.
1430 2435 1656 2495 524—33)
1679 2439 1893 2479 draconem·

318 2509 463 2555 narrat,
491 2516 607 2556 quem
632 2507 836 2557 peperisse
864 2504 1143 2557 Clytaemestra
1171 2505 1248 2546 sibi
1268 2511 1374 2545 esset
1392 2507 1486 2556 visa,
1512 2517 1602 2545 cum
1621 2516 1832 2544 mammam
1852 2505 1891 2544 ei

320 2568 505 2621 dedisset,
532 2569 650 2609 simul
670 2582 761 2609 cum
782 2570 881 2610 lacte
902 2572 1056 2610 suxisse
1076 2571 1243 2610 multum
1264 2572 1508 2622 sanguinem.
1527 2570 1622 2610 huic
1642 2576 1771 2610 autem
1786 2581 1893 2609 som·

319 2635 385 2673 nio
411 2634 625 2686 Aeschyleo
652 2635 807 2675 adnecti
834 2640 974 2687 potest,
1001 2635 1105 2687 quod
1131 2637 1356 2676 invenimus
1382 2635 1600 2675 Stesichori
1626 2635 1891 2686 fragmentum

320 2704 517 2739 servatum
544 2699 647 2752 apud
672 2696 974 2755 Plutarchum,2)
1000 2700 1069 2740 ubi
1096 2705 1251 2740 exstant
1274 2700 1315 2739 hi
1340 2712 1496 2740 versus:

381 2792 413 2835 1)
441 2802 485 2826 ex
510 2790 623 2826 altera
646 2793 749 2836 parte
781 2792 918 2836 imprin
937 2790 965 2825 ἶ·
990 2793 1026 2827 et
1051 2791 1240 2836 Sophoclis
1267 2793 1303 2826 et
1326 2791 1414 2826 Hdti
1441 2802 1559 2826 sermo
1583 2791 1757 2826 fundatus
1778 2789 1892 2825 estin

320 2845 542 2879 carminibus
569 2845 693 2889 epicis.

380 2898 414 2941 2)
441 2898 486 2932 de
512 2908 593 2932 sera
617 2897 779 2932 numinis
805 2898 969 2933 vindicta
994 2908 1022 2934 ε.
1039 2902 1082 2933 10
1107 2910 1142 2942 p.
1158 2897 1268 2932 555A
1287 2914 1331 2927 =
1352 2897 1474 2942 Bergk
1491 2896 1583 2932 PLG
1596 2895 1663 2931 111⁴
1676 2899 1756 2931 222.
