2106 3320
958 119 1255 161 —36-.

315 243 364 281 <in
385 240 504 280 rebus
525 240 573 279 ad
594 241 712 279 vitam
739 239 959 279 bucolicam
979 238 1271 291 pertinentibus
1293 238 1530 278 exornandis
1550 239 1654 279 haud
1675 239 1793 280 dubie
1820 239 1896 280 sibi

323 302 593 359 placebant¹);
625 306 757 356 itaque
790 305 824 343 si
850 309 1031 343 auctores
1062 303 1335 355 Alexandrini,
1374 317 1471 356 quos
1503 303 1706 356 Lycophro
1738 305 1896 358 Eupho-

325 373 475 422 rioque,
501 369 664 409 Ovidius
684 368 969 420 Colluthusque
995 370 1122 408 secuti
1147 373 1251 420 sunt,
1277 369 1460 408 Paridem
1481 369 1657 421 intellegi
1676 370 1781 410 haud
1800 383 1895 423 qua·

322 448 441 488 quam
460 434 642 474 volebant
660 434 806 474 Priami
833 446 1003 485 servum,
1030 433 1071 473 id
1095 433 1169 473 hac
1194 439 1348 474 tantum
1374 435 1526 474 ratione
1552 440 1683 487 potest
1707 435 1895 488 intellegi,

322 499 429 552 quod
455 499 625 539 fabulam
650 504 943 551 usurpaverunt
967 498 1168 550 vulgarem
1195 498 1459 551 omnibusque
1492 501 1757 540 notissimam:
1795 513 1894 553 quae

321 565 483 617 quidem
510 564 667 604 carebat
693 565 950 616 expositione.

383 630 432 669 Ut
452 631 572 682 igitur
591 629 631 669 id
651 629 755 682 quod
775 629 903 669 adhuc
923 630 1187 681 repperimuS,
1214 629 1539 683 complectamur:
1565 632 1606 670 in
1627 630 1781 683 Cypriis
1808 631 1894 671 nul-

322 694 404 735 lum
430 696 687 747 expositionis
707 696 917 746 vestigium
938 695 1162 733 invenimus
1184 700 1302 746 atque
1321 707 1449 747 usque
1471 695 1518 734 ad
1538 695 1894 737 Alexandrinorum

322 765 499 813 tempora
525 760 698 811 vulgaris
723 759 854 799 fabula
880 765 941 799 est
966 760 1131 812 simplex
1153 772 1283 811 neque
1304 762 1550 812 expositione
1571 766 1702 801 aucta:
1729 761 1894 814 legiti-

321 838 421 865 mus
447 827 552 877 regis
579 825 683 865 filius
708 826 836 877 pascit
860 837 1002 876 greges
1027 821 1226 880 patrios.²)

380 890 462 930 Hoc
488 891 572 930 loco
599 889 743 930 addere
770 890 868 930 mihi
893 890 1019 942 liceat,
1053 889 1147 942 quid
1181 889 1228 930 de
1259 891 1443 942 antiquae
1469 890 1623 931 fabulae
1651 890 1892 931 condicioni-

320 955 395 995 bus
421 957 600 995 sentiam.
627 960 688 995 est
713 955 874 1007 quidem
899 956 1138 995 narrationis
1164 967 1257 995 vere
1279 955 1478 995 fabulosae
1498 955 1597 995 illud
1617 962 1893 1008 argumentum

320 1021 481 1060 infantis
507 1021 687 1073 expositi,
714 1033 831 1072 quem
859 1020 922 1060 dei
944 1020 1106 1072 dignum
1126 1020 1306 1072 credunt,
1334 1022 1398 1061 cui
1419 1023 1481 1061 sui
1501 1021 1695 1061 iudicium
1715 1023 1893 1074 ipsorum

319 1087 569 1138 permittant:
608 1087 666 1125 sic
698 1088 732 1125 is
764 1098 884 1138 quem
916 1086 1096 1126 homines
1126 1086 1381 1138 expulerunt,
1413 1099 1434 1126 a
1461 1086 1547 1126 deis
1572 1091 1750 1138 augetur.
1788 1087 1893 1127 haud

319 1163 412 1190 vero
445 1152 545 1202 scio,
578 1163 626 1190 an
660 1150 849 1191 dedeceat
880 1152 1039 1203 antiqua
1072 1157 1266 1203 tempora:
1306 1153 1417 1203 epica
1450 1153 1557 1191 enim
1591 1154 1767 1192 carmina
1799 1157 1893 1192 sunt

319 1216 479 1256 heroica
505 1221 544 1256 et
569 1216 728 1268 nobilia,
760 1222 947 1268 tanquam
979 1229 1117 1268 regum
1148 1218 1308 1269 propria
1335 1229 1463 1269 neque
1489 1216 1698 1268 indulgent
1722 1229 1891 1270 pauper-

319 1283 391 1321 tati
415 1278 726 1336 pravitatique.³)

378 1346 523 1399 Neque
548 1352 824 1398 argumentum
857 1348 1115 1399 expositionis
1148 1348 1297 1386 arcessi
1322 1351 1453 1399 potest
1478 1359 1525 1386 ex
1552 1360 1616 1398 e0,
1649 1347 1755 1399 quod
1779 1347 1891 1388 Paris

319 1423 411 1451 cum
444 1411 537 1451 deos
563 1411 693 1451 videat
724 1411 976 1464 accedentes,
1012 1424 1166 1451 summo
1198 1417 1352 1452 terrore
1384 1412 1556 1451 afficitur
1581 1407 1707 1467 (quod
1732 1413 1893 1453 exhibet

319 1475 498 1516 Wentzel
510 1490 547 1529 p.
566 1473 657 1532 10):
678 1477 858 1516 homines
879 1479 984 1517 enim
1006 1489 1143 1516 omnes
1165 1477 1276 1517 decet
1291 1479 1422 1517 vereri
1437 1477 1599 1516 deorum
1614 1479 1890 1529 praesentiam.

319 1547 437 1593 atque
465 1543 584 1581 etiam
609 1541 713 1594 apud
733 1542 949 1582 Lucianum
971 1538 1032 1596 (D.
1055 1542 1090 1582 d.
1111 1538 1212 1597 207)
1241 1542 1557 1595 Colluthumque,
1585 1544 1653 1595 qui
1679 1544 1889 1595 expositio-

318 1618 410 1645 nem
430 1618 509 1646 non
528 1608 818 1659 usurpaverint,
841 1607 952 1647 Paris
973 1608 1137 1659 fingitur
1155 1608 1320 1647 horrore
1340 1609 1578 1660 perterritus
1599 1620 1644 1648 ac
1662 1621 1889 1660 pavescens.

378 1671 460 1711 Hoc
492 1671 652 1723 quidem
685 1673 858 1723 cogitare
890 1685 969 1712 non
1004 1685 1166 1725 possum
1198 1673 1381 1713 Paridem
1412 1674 1542 1725 primo
1574 1674 1615 1712 in
1648 1673 1890 1714 carminibus

318 1737 443 1788 epicis
475 1737 610 1776 fictum
643 1738 766 1777 fuisse
799 1738 990 1777 infantem
1023 1739 1245 1790 expositum
1272 1744 1311 1778 et
1335 1740 1377 1777 in
1403 1740 1511 1777 omni
1537 1744 1769 1791 paupertate
1795 1738 1889 1780 edu-

319 1807 461 1854 catum,
487 1807 571 1842 tum
598 1808 730 1842 autem
749 1804 921 1854 posteris
941 1803 1198 1855 temporibus,
1226 1816 1317 1843 cum
1336 1804 1515 1855 profecto
1536 1816 1674 1844 omnes
1695 1805 1797 1844 vitae
1815 1804 1888 1845 hu·

317 1878 455 1906 manae
482 1867 747 1919 condiciones,
779 1869 910 1907 omnia
934 1868 1139 1907 hominum
1167 1880 1311 1919 genera
1336 1870 1379 1907 in
1405 1868 1534 1908 lucem
1559 1869 1888 1922 producerentur,

317 1943 409 1970 cum
434 1937 492 1971 tot
517 1933 806 1984 expositionum
833 1932 1010 1984 exempla
1035 1938 1191 1984 praesto
1213 1938 1356 1984 essent,
1384 1938 1468 1973 tum
1489 1939 1721 1985 argumento
1740 1936 1889 1986 gravis-

317 1997 409 2036 simi
433 1997 620 2048 ponderis
647 1997 852 2036 dramatici
878 1999 1024 2037 omisso
1050 1998 1277 2038 confessum
1304 1998 1420 2037 modo
1447 2000 1553 2050 regis
1575 1999 1699 2038 filium
1720 2011 1808 2039 esse
1827 2001 1888 2039 in-

318 2060 497 2101 ductum:
528 2062 593 2102 hic
618 2075 855 2114 progressus
881 2064 989 2102 omni
1015 2075 1148 2103 rerum
1175 2063 1398 2103 condicioni
1424 2063 1714 2115 obloqueretur.
1751 2069 1886 2104 contra

379 2166 413 2209 1)
441 2165 541 2208 quod
566 2165 729 2200 Zoellner
755 2176 903 2209 quoque
927 2166 1154 2210 praedicavit
1177 2178 1213 2210 p.
1236 2169 1315 2200 102.

377 2219 412 2262 2)
438 2228 480 2252 ac
504 2218 667 2262 profecto
691 2219 872 2263 pastorale
897 2219 991 2253 illud
1015 2219 1054 2253 in
1079 2220 1144 2254 Ida
1170 2219 1400 2254 domicilium
1426 2219 1540 2262 epicis
1566 2219 1793 2264 temporibus
1812 2231 1887 2255 non

314 2270 419 2315 regia
441 2271 543 2315 prole
569 2271 768 2317 indignum
786 2272 1000 2316 putabatur:
1027 2273 1140 2308 immo
1167 2273 1254 2307 satis
1280 2273 1397 2307 multa
1415 2272 1455 2306 in
1475 2272 1698 2307 carminibus
1719 2272 1885 2308 Homeri-

315 2323 367 2357 cis
401 2325 541 2359 exstant
573 2325 740 2369 exempla
769 2325 870 2360 illius
895 2325 1135 2370 pristinorum
1161 2326 1425 2370 simplicitatis:
1464 2326 1557 2370 regii
1582 2327 1746 2370 pastores
1773 2326 1886 2372 (velut

315 2377 355 2411 Il.
380 2380 407 2412 Z
427 2381 483 2420 25,
504 2382 573 2412 424
608 2381 642 2413 A
662 2381 730 2413 500
765 2383 797 2414 Λ
819 2383 897 2421 106,
925 2382 991 2413 671
1014 2390 1059 2414 ss.
1090 2380 1122 2414 Ο
1141 2383 1209 2414 547
1237 2380 1271 2412 Τ
1292 2383 1347 2421 89,
1382 2382 1448 2413 188
1484 2379 1527 2413 cf.
1557 2379 1695 2414 Robert
1726 2391 1763 2424 p.
1790 2382 1884 2425 234),

315 2430 407 2473 quin
432 2430 504 2475 ipsi
531 2431 589 2465 dei
609 2431 678 2466 hoc
703 2443 854 2467 munere
875 2434 960 2466 sunt
984 2433 1098 2466 functi
1121 2433 1174 2477 (ut
1193 2431 1348 2466 Colluth.
1370 2436 1436 2466 311
1460 2443 1518 2474 ss.‚
1546 2432 1651 2468 Ovid.
1672 2432 1756 2468 Her.
1778 2434 1885 2481 5131),

314 2483 438 2528 regiae
463 2484 558 2519 filiae
585 2486 761 2528 aquantes
788 2485 926 2531 (Bethe‚
958 2486 1056 2520 theb.
1077 2486 1244 2520 Heldenl.
1270 2497 1306 2530 p.
1329 2487 1400 2531 71),
1427 2485 1576 2530 reginae
1602 2487 1780 2529 texentes;
1814 2486 1885 2522 hoe

314 2537 455 2570 tantum
486 2538 591 2581 turpe
623 2539 686 2580 est,
719 2538 749 2572 si
780 2538 975 2583 peregrino
1007 2538 1154 2573 cuidam
1186 2540 1222 2573 et
1245 2538 1343 2573 hosti
1367 2550 1433 2583 per
1458 2539 1534 2573 vim
1560 2539 1716 2574 servitur
1740 2540 1808 2585 (ex.
1829 2551 1883 2585 gr.

314 2589 425 2624 affero
450 2589 490 2624 Il.
516 2593 542 2624 Z
562 2593 629 2625 456
657 2591 736 2625 coll.
758 2602 840 2625 cum
866 2603 899 2625 v.
920 2593 1014 2636 490).

375 2643 409 2686 3)
435 2643 536 2687 quod
561 2643 711 2687 quidem
730 2644 843 2678 Bethe
863 2644 1048 2689 Oedipum
1073 2644 1229 2680 coniecit
1248 2646 1350 2690 (voce
1369 2644 1532 2690 ζωάγρια
1550 2645 1668 2691 nisus)
1694 2646 1734 2681 in
1757 2646 1884 2681 fabula

313 2695 572 2739 antiquissima
590 2698 785 2732 educatum
797 2698 911 2732 fuisse
930 2709 952 2732 a
969 2698 1189 2742 pastoribus,
1209 2698 1249 2733 E.
1263 2698 1382 2733 Maass
1398 2697 1611 2743 (Commeat.
1626 2699 1809 2744 mythogr.
1821 2699 1882 2744 II.)

312 2758 394 2782 eam
420 2749 636 2784 sententiam
660 2750 807 2792 refellit;
843 2750 956 2786 immo
982 2751 1166 2786 minorum
1191 2751 1358 2796 gentium
1382 2752 1550 2786 homines
1576 2752 1615 2786 in
1642 2753 1881 2797 conspectum

313 2801 466 2836 veniunt
488 2803 572 2837 ideo
604 2804 757 2846 tantum,
790 2805 830 2837 ut
853 2803 1010 2839 rationes
1037 2804 1162 2839 ineant
1186 2816 1269 2839 cum
1294 2805 1493 2848 nobilibus,
1526 2807 1566 2839 ut
1590 2805 1774 2841 Eumaeus
1802 2807 1884 2846 δῖος

312 2853 489 2902 ὕφορβος,
515 2856 594 2899 ipse
618 2856 736 2890 nobili
761 2867 895 2901 genere
918 2859 1036 2899 natus,
1063 2869 1146 2892 cum
1171 2857 1278 2892 Ulixe
1304 2857 1464 2892 domino.
1905 2857 1909 2861 ”
