2106 3320
953 161 1250 203 -14-

313 292 406 320 vero
432 281 585 333 primus
611 279 916 331 Clytaemestrae
942 281 1020 332 ipsi
1041 280 1345 332 Agamemnonis
1371 283 1532 324 caedem
1552 285 1748 339 tribuerit,
1774 294 1902 334 certe,

314 346 541 386 confirmari
566 357 644 385 non
669 350 810 397 potest.
838 345 1060 385 offeruntur
1079 346 1239 398 quidem
1259 347 1374 387 nobis
1392 350 1565 401 primum
1586 351 1684 391 istae
1703 351 1887 394 Orestiae

315 410 569 451 condiciones
595 410 826 461 fragmentis
847 409 1082 465 Stesichori3
1108 413 1216 464 atqui
1236 418 1326 453 ante
1347 426 1436 454 eum
1458 414 1641 466 ponenda
1661 422 1721 457 est
1737 416 1888 459 Xanthi

314 475 519 517 cuiusdam
545 475 711 527 Orestia,
738 488 813 527 qua
838 487 956 515 usum
983 488 1071 516 esse
1099 476 1371 518 Stesichorum
1396 484 1593 520 testantur
1616 481 1803 523 Aelianus
1827 479 1882 538 (ν.

311 543 349 582 h.
369 538 452 596 426)
491 548 531 581 et
556 541 779 581 Athenaeus
812 538 888 594 (12
914 554 951 593 p.
972 537 1175 596 413A)‚¹)
1208 556 1445 596 quamquam
1478 545 1574 597 quid
1605 545 1671 586 ille
1702 546 1888 590 Xanthus

312 608 568 660 praestiterit,
595 606 689 659 quid
710 606 961 646 Stesichorus
988 608 1026 646 ei
1047 606 1240 661 debuerit,
1260 610 1507 664 ignoramus3
1528 616 1568 650 et
1585 611 1886 653 concedendum

313 678 373 712 est
393 672 610 712 Stesichori
630 671 827 711 Orestiam
852 673 1024 712 maxima
1049 672 1170 712 fuisse
1197 676 1428 715 auctoritate
1449 675 1552 728 ap'ud
1571 674 1887 732 Athenienses.²)·

311 751 402 778 nam
435 737 539 791 quod
571 751 592 778 a
617 737 914 777 Wilamowitzio
948 733 1050 793 (1.1.)
1083 743 1211 778 tantas
1237 739 1387 780 fabulas
1412 753 1538 792 paene
1565 742 1696 794 epicas
1721 755 1743 783 a
1766 748 1887 796 poeta»

309 803 432 856 lyrico
467 804 644 856 potuisse
679 804 841 842 tractari
876 809 1053 855 negatur,
1091 805 1280 856 inspicias
1315 817 1461 857 quaeso
1496 805 1729 852 Quintiliani
1762 808 1886 848 verba

310 866 424 925 (Inst.
445 882 500 909 or.
520 868 556 908 X
573 864 670 923 1⁶2):
704 866 971 908 ‘Stesichorus
999 891 1054 896 ——
1082 870 1187 921 epici
1213 871 1400 909 carminis
1427 883 1548 911 onera
1571 871 1654 924 lyra
1681 874 1888 914 sustinens

309 957 368 964 —
394 933 591 974 redundat
621 939 738 986 atque
771 932 1017 986 effunditur’,
1049 946 1148 986 quae
1180 936 1416 987 vituperatio
1449 935 1566 976 aliter
1594 936 1773 989 intellegi
1802 950 1885 979 non

308 1005 450 1052 potest,
483 1004 599 1051 atque
631 998 736 1051 quod
767 1001 973 1038 materiam
1006 999 1168 1039 uberius
1202 1000 1403 1040 diffuderit
1430 1013 1502 1053 pro
1528 1007 1670 1042 natura
1695 1004 1887 1044 carminis

309 1061 472 1119 lyrici.³)
510 1066 588 1104 iam
627 1064 821 1104 concedes
854 1077 944 1104 eum
977 1066 1124 1116 optime
1156 1067 1332 1117 potuisse
1364 1064 1666 1107 fundamentum
1699 1067 1885 1109 subicere

308 1130 616 1184 posterioribus3
647 1129 811 1181 accedit,
844 1129 948 1181 quod
975 1129 1226 1170 Stesichorus
1258 1136 1297 1170 et
1322 1131 1537 1183 Aeschylus
1569 1134 1808 1174 conveniunt
1840 1136 1884 1174 in

309 1197 469 1237 nomine
490 1192 749 1248 Ὀρεστείας,
777 1196 844 1247 qui
870 1207 1088 1235 consensus
1115 1201 1222 1236 certe
1248 1198 1376 1247 gravis
1402 1202 1462 1236 est
1486 1195 1725 1252 momentis&

373 1261 487 1301 Nunc
507 1262 747 1313 quaerimus,
767 1260 963 1312 quomodo
976 1260 1075 1300 illud
1088 1260 1394 1313 Clytaemestrae
1409 1263 1605 1302 somnium
1621 1275 1641 1302 a
1656 1262 1885 1304 Stesichori)

307 1332 518 1367 tractatum
545 1327 596 1366 sit
616 1325 923 1379 explanandum3
951 1325 1026 1365 duo
1047 1327 1152 1365 enim
1172 1339 1311 1366 versus
1332 1339 1352 1366 a
1372 1327 1580 1367 Plutarcho
1602 1331 1757 1382 servati,
1784 1328 1880 1382 quid

308 1392 384 1432 sibi
399 1391 531 1444 velint,
549 1404 622 1443 per
642 1404 684 1430 se
707 1390 888 1430 difficiles
908 1396 1001 1430 sunt
1020 1392 1197 1443 cognitu:
1218 1391 1521 1444 insequentibus
1537 1393 1717 1434 versibus
1737 1406 1880 1439 sensus

307 1459 543 1510 praesertim
568 1457 730 1496 ultionis
748 1456 1000 1508 praebendus
1022 1462 1118 1497 erat.
1144 1456 1396 1497 Stesichorus
1422 1458 1528 1497 enim
1555 1470 1645 1498 cum
1670 1458 1779 1512 larga
1798 1459 1881 1500 dic·

307 1525 414 1563 tione
445 1535 543 1562 usus
575 1524 638 1574 sit,
670 1520 912 1574 persuadere
945 1521 1059 1561 nobis
1091 1534 1170 1562 non
1201 1535 1412 1574 possumus
1445 1522 1542 1562 illud
1575 1525 1773 1564 somnium
1800 1529 1883 1565 tam

307 1588 563 1640 neglegenter
589 1600 676 1627 esse
703 1582 972 1642 adhibitum.⁵)

366 1654 559 1693 Eventum
586 1665 679 1704 ergo
706 1666 727 1692 a
747 1652 972 1692 Stesichoro
1000 1653 1135 1692 fictum
1162 1658 1221 1692 est
1246 1653 1338 1693 hoc:
1363 1659 1543 1694 mortuus
1563 1659 1792 1695 cruentatus
1813 1668 1883 1707 ap-

306 1724 420 1772 paret
448 1720 502 1771 ei,
529 1731 628 1771 quae
654 1723 880 1771 necaverat3
914 1730 990 1770 qua
1017 1719 1149 1770 specie
1170 1717 1277 1758 nulla
1298 1719 1545 1771 significatur
1563 1719 1748 1772 vindicta,
1774 1720 1880 1773 quod

308 1797 328 1823 a
354 1785 562 1836 principio,
589 1783 685 1836 quid
704 1784 943 1835 Agamemno
971 1795 1102 1822 coram
1130 1795 1252 1823 uxore
1279 1784 1430 1835 fecerit,
1456 1786 1669 1825 nescimus.
1707 1790 1746 1825 at
1771 1791 1882 1826 certe

368 1894 401 1938 1)
422 1904 532 1937 quem
551 1894 736 1927 auctorem
754 1902 903 1936 prorsus
923 1891 1049 1926 tollere
1066 1893 1215 1926 conatus
1236 1893 1291 1927 est
1308 1891 1446 1927 Rnbert
1464 1892 1561 1937 (Bild
1573 1904 1609 1928 u.
1623 1892 1713 1928 Lied
1729 1896 1796 1928 173
1805 1895 1881 1940 ει),

307 1947 371 1981 sed
384 1946 609 1991 argumentis
634 1957 766 1990 parum
791 1945 916 1980 firmis.
938 1946 1033 1979 certe
1046 1944 1194 1988 Pyladis
1214 1945 1458 1980 Phocensis
1484 1946 1647 1981 inventio
1666 1957 1740 1982 non
1757 1949 1881 1992 potest

305 1999 418 2034 tribui
444 1999 648 2034 Stesichoro
674 1998 820 2033 Locro.
1860 2037 1871 2042 Δ

365 2054 401 2097 2)
428 2063 541 2096 quam
565 2063 642 2086 rem
663 2051 916 2096 cognoscimus
937 2061 980 2084 ex
1000 2050 1255 2095 Aristophanis
1276 2051 1617 2096 significationibus,
1645 2051 1687 2085 cf.
1703 2050 1814 2087 schol.
1829 2052 1877 2087 ad

304 2105 386 2141 Pac.
404 2109 483 2148 775,
499 2109 579 2148 797,
594 2109 680 2147 8003
707 2106 743 2139 et
767 2103 1024 2145 Wilamowitz,
1052 2102 1191 2137 Orestie
1211 2103 1243 2137 II
1262 2106 1343 2139 247.

365 2161 399 2204 3)
425 2159 527 2194 velut
539 2158 766 2200 Plutarchus,
787 2157 851 2201 qui
866 2157 1011 2200 dicitur,
1032 2156 1180 2191 exhibet
1194 2157 1239 2191 de
1254 2156 1459 2191 Stesichoro
1474 2156 1632 2200 aliisque
1646 2157 1809 2201 (demus.
1823 2159 1878 2202 3);

305 2218 500 2253 ποιοῦντες
526 2211 595 2258 ἔπη
621 2211 767 2252 τούτοις
791 2209 879 2256 μέλη
904 2208 1177 2255 περιετίθεσαν.

281 2310 285 2314 ι
365 2267 399 2311 4)
426 2267 536 2310 atque
566 2265 752 2300 reicienda
782 2266 837 2300 est
860 2263 1119 2299 Wilamowitzi
1152 2263 1342 2306 sententia,
1375 2262 1439 2307 qui
1470 2261 1527 2297 vir
1555 2262 1878 2307 ingeniosissimus

305 2319 344 2364 (1.
357 2319 382 2355 l.
395 2331 431 2364 p.
447 2321 529 2360 246)
560 2319 765 2363 suspicatus
798 2319 852 2353 est
877 2317 1100 2362 Aeschylum
1130 2327 1205 2352 non
1231 2316 1427 2351 Stesichori
1460 2326 1605 2351 carmen
1636 2317 1719 2351 ante
1750 2316 1878 2353 oculo·

303 2372 477 2408 habuisse
508 2373 547 2406 in
572 2372 638 2407 illa
662 2371 880 2414 narratione,
912 2371 976 2406 sed
1001 2371 1147 2414 utrique
1171 2371 1301 2414 poetae
1326 2369 1609 2414 supponendum
1633 2379 1712 2404 esse
1736 2369 1875 2405 fontem

305 2437 547 2468 communem,
578 2425 753 2460 nimirum
778 2424 999 2469 Delphicum
1032 2424 1220 2468 quoddam
1249 2433 1396 2458 carmen
1427 2422 1591 2466 epicum;
1621 2424 1663 2456 ut
1690 2421 1876 2458 Blassium

304 2479 498 2515 afferamus
523 2481 665 2522 testem,
692 2479 756 2523 qui
782 2477 924 2524 (Aesch.
941 2477 1100 2522 Choeph.
1118 2479 1220 2519 1906,
1238 2487 1274 2520 p.
1290 2477 1325 2521 8)
1349 2486 1498 2520 prorsus
1522 2475 1657 2510 refutat
1674 2475 1778 2510 illam
1798 2487 1876 2511 cat·

303 2533 414 2567 minis
446 2533 616 2577 Delphici
643 2533 905 2573 coniecturam3
944 2531 987 2565 cf.
1015 2530 1182 2575 Gruppe,
1220 2528 1483 2575 griech.Myth.
1505 2531 1585 2571 696,
1607 2532 1711 2575 69943
1735 2528 1876 2565 Rader-

303 2586 460 2628 macher,
485 2585 641 2620 Jenseits
669 2597 701 2630 p.
726 2588 791 2620 132
801 2597 846 2620 ss.

364 2641 398 2685 5)
423 2640 497 2674 nisi
529 2640 620 2674 forte
647 2639 832 2674 existimas
859 2638 1015 2682 lyricum
1039 2637 1163 2682 ipsum
1188 2647 1265 2670 rem
1292 2635 1492 2680 sumpsisse
1517 2646 1540 2670 a
1562 2635 1685 2679 priore
1711 2635 1872 2679 quodam

303 2694 422 2737 poeta,
455 2693 555 2736 quod
585 2703 660 2727 non
690 2692 848 2726 multum
872 2692 996 2726 nostra
1021 2690 1185 2725 interest:
1218 2691 1260 2724 ut
1285 2689 1383 2724 enim
1407 2688 1601 2723 Himereus
1628 2687 1772 2732 exiguis
1797 2687 1873 2722 illis

303 2745 424 2781 verbis
457 2745 685 2780 arcessiverit
714 2746 972 2791 argumentum
999 2743 1245 2786 notissimum,
1277 2743 1417 2777 constat
1441 2741 1516 2776 iam
1541 2742 1625 2776 ante
1649 2740 1872 2784 Aeschylum

305 2798 464 2842 speciem
484 2799 531 2833 ad
550 2798 661 2833 finem
679 2798 793 2832 fuisse
805 2798 1030 2842 perductam.
1058 2797 1126 2832 etsi
1145 2795 1427 2831 Wilamowitzio
1448 2794 1484 2840 (l.
1504 2794 1578 2839 l.'p.
1595 2793 1677 2838 24‘8)
1702 2792 1873 2829 assentiri

304 2861 378 2886 non
408 2863 559 2896 possum
586 2851 780 2894 dubitanti,
807 2851 1000 2886 cuiusnam
1026 2861 1153 2886 cruore
1178 2851 1288 2894 caput
1311 2848 1422 2884 fuerit
1445 2858 1669 2892 respersum:
1695 2846 1878 2883 nimirum

305 2904 471 2939 draconis
497 2904 626 2949 ipsius,
653 2906 694 2938 ut
717 2916 802 2939 mox
827 2904 1083 2949 probabimus!
