<?xml version="1.0" encoding="UTF-8"?>
<!DOCTYPE html PUBLIC "-//W3C//DTD XHTML 1.0 Transitional//EN"
    "http://www.w3.org/TR/xhtml1/DTD/xhtml1-transitional.dtd">
<html xmlns="http://www.w3.org/1999/xhtml" xml:lang="en" lang="en">
 <head>
  <title>
</title>
<meta http-equiv="Content-Type" content="text/html;charset=utf-8" />
  <meta name='ocr-system' content='tesseract 3.04.00' />
  <meta name='ocr-capabilities' content='ocr_page ocr_carea ocr_par ocr_line ocrx_word'/>
</head>
<body>
  <div class='ocr_page' id='page_1' title='image "./sophoclesquiddeb00rascuoft_0050.png"; bbox 0 0 2106 3320; ppageno 0'>
   <div class='ocr_carea' id='block_1_1' title="bbox 972 146 1267 189">
    <p class='ocr_par' dir='ltr' id='par_1_1' title="bbox 972 146 1267 189">
     <span class='ocr_line' id='line_1_1' title="bbox 972 146 1267 189; baseline 0.003 -12"><span class='ocrx_word' id='word_1_1' title='bbox 972 146 1267 189; x_wconf 64' lang='lat'>—40-</span> 
     </span>
    </p>
   </div>
   <div class='ocr_carea' id='block_1_2' title="bbox 333 264 1906 584">
    <p class='ocr_par' dir='ltr' id='par_1_2' title="bbox 333 264 1906 584">
     <span class='ocr_line' id='line_1_2' title="bbox 335 264 1904 322; baseline -0.001 -12"><span class='ocrx_word' id='word_1_2' title='bbox 335 269 591 322; x_wconf 86' lang='lat' dir='ltr'><strong>supponenda</strong></span> <span class='ocrx_word' id='word_1_3' title='bbox 619 274 690 308; x_wconf 90' lang='lat' dir='ltr'><strong>est.</strong></span> <span class='ocrx_word' id='word_1_4' title='bbox 742 273 878 307; x_wconf 88' lang='lat' dir='ltr'><strong>contra</strong></span> <span class='ocrx_word' id='word_1_5' title='bbox 911 266 1049 307; x_wconf 92' lang='lat' dir='ltr'><strong>eodem</strong></span> <span class='ocrx_word' id='word_1_6' title='bbox 1082 268 1182 319; x_wconf 86' lang='lat' dir='ltr'><strong>iure,</strong></span> <span class='ocrx_word' id='word_1_7' title='bbox 1216 272 1261 307; x_wconf 95' lang='lat' dir='ltr'><strong>ut</strong></span> <span class='ocrx_word' id='word_1_8' title='bbox 1295 267 1342 307; x_wconf 92' lang='lat' dir='ltr'><strong>ab</strong></span> <span class='ocrx_word' id='word_1_9' title='bbox 1368 264 1566 320; x_wconf 81' lang='lat' dir='ltr'><strong>Euripide</strong></span> <span class='ocrx_word' id='word_1_10' title='bbox 1600 269 1792 320; x_wconf 83' lang='lat' dir='ltr'>expositio</span> <span class='ocrx_word' id='word_1_11' title='bbox 1824 269 1904 308; x_wconf 88' lang='lat' dir='ltr'><strong>evi-</strong></span> 
     </span>
     <span class='ocr_line' id='line_1_3' title="bbox 335 329 1905 387; baseline -0.001 -13"><span class='ocrx_word' id='word_1_12' title='bbox 335 333 492 374; x_wconf 91' lang='lat' dir='ltr'><strong>dentius</strong></span> <span class='ocrx_word' id='word_1_13' title='bbox 519 333 738 384; x_wconf 85' lang='lat' dir='ltr'><strong>significata</strong></span> <span class='ocrx_word' id='word_1_14' title='bbox 764 334 827 384; x_wconf 88' lang='lat' dir='ltr'><strong>sit,</strong></span> <span class='ocrx_word' id='word_1_15' title='bbox 853 331 1055 385; x_wconf 87' lang='lat' dir='ltr'><strong>postulare</strong></span> <span class='ocrx_word' id='word_1_16' title='bbox 1081 344 1303 383; x_wconf 91' lang='lat' dir='ltr'><strong>possumus.</strong></span> <span class='ocrx_word' id='word_1_17' title='bbox 1314 329 1347 387; x_wconf 85' lang='lat'><strong>¹)</strong></span> <span class='ocrx_word' id='word_1_18' title='bbox 1397 334 1530 385; x_wconf 89' lang='lat' dir='ltr'><strong>potius</strong></span> <span class='ocrx_word' id='word_1_19' title='bbox 1561 333 1746 374; x_wconf 90' lang='lat' dir='ltr'><strong>omnibus</strong></span> <span class='ocrx_word' id='word_1_20' title='bbox 1771 332 1905 373; x_wconf 86' lang='lat' dir='ltr'><strong>verbis</strong></span> 
     </span>
     <span class='ocr_line' id='line_1_4' title="bbox 333 396 1905 451; baseline 0 -13"><span class='ocrx_word' id='word_1_21' title='bbox 333 400 408 438; x_wconf 91' lang='lat' dir='ltr'><strong>hoc</strong></span> <span class='ocrx_word' id='word_1_22' title='bbox 432 411 555 438; x_wconf 91' lang='lat' dir='ltr'><strong>unum</strong></span> <span class='ocrx_word' id='word_1_23' title='bbox 588 398 772 449; x_wconf 83' lang='lat' dir='ltr'><strong>efficitur,</strong></span> <span class='ocrx_word' id='word_1_24' title='bbox 813 403 858 437; x_wconf 88' lang='lat' dir='ltr'><strong>ut</strong></span> <span class='ocrx_word' id='word_1_25' title='bbox 889 396 1131 437; x_wconf 81' lang='lat' dir='ltr'>Cassandrae</span> <span class='ocrx_word' id='word_1_26' title='bbox 1163 409 1304 449; x_wconf 80' lang='lat' dir='ltr'><strong>preces</strong></span> <span class='ocrx_word' id='word_1_27' title='bbox 1335 397 1708 451; x_wconf 86' lang='lat' dir='ltr'><strong>obsecrationesque</strong></span> <span class='ocrx_word' id='word_1_28' title='bbox 1738 410 1905 451; x_wconf 89' lang='lat' dir='ltr'><strong>prorsus</strong></span> 
     </span>
     <span class='ocr_line' id='line_1_5' title="bbox 333 461 1906 517; baseline -0.001 -14"><span class='ocrx_word' id='word_1_29' title='bbox 333 463 493 504; x_wconf 87' lang='lat' dir='ltr'><strong>inutiles</strong></span> <span class='ocrx_word' id='word_1_30' title='bbox 520 464 642 505; x_wconf 83' lang='lat' dir='ltr'><strong>fuisse</strong></span> <span class='ocrx_word' id='word_1_31' title='bbox 668 475 742 502; x_wconf 92' lang='lat' dir='ltr'><strong>nec</strong></span> <span class='ocrx_word' id='word_1_32' title='bbox 769 464 980 515; x_wconf 88' lang='lat' dir='ltr'><strong>quicquam</strong></span> <span class='ocrx_word' id='word_1_33' title='bbox 1014 461 1145 501; x_wconf 90' lang='lat' dir='ltr'><strong>damni</strong></span> <span class='ocrx_word' id='word_1_34' title='bbox 1177 462 1320 502; x_wconf 81' lang='lat' dir='ltr'><strong>infanti</strong></span> <span class='ocrx_word' id='word_1_35' title='bbox 1352 462 1504 503; x_wconf 90' lang='lat' dir='ltr'><strong>illatum</strong></span> <span class='ocrx_word' id='word_1_36' title='bbox 1532 475 1833 517; x_wconf 84' lang='lat' dir='ltr'><strong>cognoscamus3</strong></span> <span class='ocrx_word' id='word_1_37' title='bbox 1865 468 1906 503; x_wconf 87' lang='lat' dir='ltr'><strong>et</strong></span> 
     </span>
     <span class='ocr_line' id='line_1_6' title="bbox 334 524 1769 584; baseline 0.001 -15"><span class='ocrx_word' id='word_1_38' title='bbox 334 528 407 569; x_wconf 89' lang='lat' dir='ltr'><strong>sub</strong></span> <span class='ocrx_word' id='word_1_39' title='bbox 433 529 553 568; x_wconf 87' lang='lat' dir='ltr'><strong>verbo</strong></span> <span class='ocrx_word' id='word_1_40' title='bbox 578 533 756 569; x_wconf 84' lang='grc' dir='ltr'><em>κτανεῖν</em></span> <span class='ocrx_word' id='word_1_41' title='bbox 781 528 940 568; x_wconf 83' lang='lat' dir='ltr'><strong>auditur</strong></span> <span class='ocrx_word' id='word_1_42' title='bbox 966 529 1208 567; x_wconf 88' lang='lat' dir='ltr'><strong>contrarium</strong></span> <span class='ocrx_word' id='word_1_43' title='bbox 1235 533 1374 569; x_wconf 81' lang='grc' dir='ltr'><em>σῶσαι</em></span> <span class='ocrx_word' id='word_1_44' title='bbox 1401 524 1569 583; x_wconf 88' lang='lat' dir='ltr'><strong>(Robert</strong></span> <span class='ocrx_word' id='word_1_45' title='bbox 1592 542 1629 582; x_wconf 89' lang='lat' dir='ltr'><strong>p.</strong></span> <span class='ocrx_word' id='word_1_46' title='bbox 1650 526 1769 584; x_wconf 79' lang='lat'>236).</span> 
     </span>
    </p>
   </div>
   <div class='ocr_carea' id='block_1_3' title="bbox 331 594 1906 1355">
    <p class='ocr_par' dir='ltr' id='par_1_3' title="bbox 331 594 1906 1355">
     <span class='ocr_line' id='line_1_7' title="bbox 392 594 1906 655; baseline 0.001 -16"><span class='ocrx_word' id='word_1_47' title='bbox 392 599 494 646; x_wconf 89' lang='lat' dir='ltr'><strong>Quid</strong></span> <span class='ocrx_word' id='word_1_48' title='bbox 528 604 658 640; x_wconf 88' lang='lat' dir='ltr'><strong>autem</strong></span> <span class='ocrx_word' id='word_1_49' title='bbox 690 598 807 639; x_wconf 88' lang='lat' dir='ltr'><strong>verba</strong></span> <span class='ocrx_word' id='word_1_50' title='bbox 834 596 972 654; x_wconf 85' lang='lat' dir='ltr'><strong>(Andr.</strong></span> <span class='ocrx_word' id='word_1_51' title='bbox 1000 596 1087 638; x_wconf 84' lang='lat'><strong>293</strong></span> <span class='ocrx_word' id='word_1_52' title='bbox 1114 594 1182 654; x_wconf 91' lang='lat' dir='ltr'><strong>s.):</strong></span> <span class='ocrx_word' id='word_1_53' title='bbox 1217 601 1314 639; x_wconf 83' lang='grc' dir='ltr'><em>εἰθε</em></span> <span class='ocrx_word' id='word_1_54' title='bbox 1340 595 1493 653; x_wconf 72' lang='grc' dir='ltr'><em>δ’ὑπὲρ</em></span> <span class='ocrx_word' id='word_1_55' title='bbox 1524 599 1723 655; x_wconf 79' lang='grc' dir='ltr'><em>κεφαλὰν</em></span> <span class='ocrx_word' id='word_1_56' title='bbox 1746 596 1906 654; x_wconf 83' lang='grc' dir='ltr'><em>ἔβαλεν</em></span> 
     </span>
     <span class='ocr_line' id='line_1_8' title="bbox 332 660 1905 719; baseline 0.001 -15"><span class='ocrx_word' id='word_1_57' title='bbox 332 663 467 704; x_wconf 88' lang='grc' dir='ltr'><em>κακὸν</em></span> <span class='ocrx_word' id='word_1_58' title='bbox 494 662 500 718; x_wconf 90' lang='grc' dir='ltr'>Ι</span> <span class='ocrx_word' id='word_1_59' title='bbox 529 662 555 705; x_wconf 81' lang='grc' dir='ltr'><em>ἁ</em></span> <span class='ocrx_word' id='word_1_60' title='bbox 575 662 762 705; x_wconf 81' lang='grc' dir='ltr'><em>τεκοῦσά</em></span> <span class='ocrx_word' id='word_1_61' title='bbox 787 678 861 705; x_wconf 90' lang='grc' dir='ltr'><strong>νιν</strong></span> <span class='ocrx_word' id='word_1_62' title='bbox 882 662 1032 717; x_wconf 81' lang='grc' dir='ltr'><em>Πάριν</em></span> <span class='ocrx_word' id='word_1_63' title='bbox 1058 660 1218 718; x_wconf 81' lang='grc' dir='ltr'><em>(μόρον</em></span> <span class='ocrx_word' id='word_1_64' title='bbox 1240 664 1407 705; x_wconf 83' lang='lat' dir='ltr'><strong>.coni.·G.</strong></span> <span class='ocrx_word' id='word_1_65' title='bbox 1428 662 1648 719; x_wconf 82' lang='lat' dir='ltr'><strong>Hermann)</strong></span> <span class='ocrx_word' id='word_1_66' title='bbox 1674 665 1751 706; x_wconf 89' lang='lat' dir='ltr'><strong>sibi</strong></span> <span class='ocrx_word' id='word_1_67' title='bbox 1768 665 1905 716; x_wconf 82' lang='lat' dir='ltr'><strong>velint,</strong></span> 
     </span>
     <span class='ocr_line' id='line_1_9' title="bbox 332 728 1904 783; baseline 0.001 -14"><span class='ocrx_word' id='word_1_68' title='bbox 332 742 412 770; x_wconf 90' lang='lat' dir='ltr'><strong>non</strong></span> <span class='ocrx_word' id='word_1_69' title='bbox 443 729 557 770; x_wconf 83' lang='lat' dir='ltr'><strong>facile</strong></span> <span class='ocrx_word' id='word_1_70' title='bbox 588 731 850 781; x_wconf 84' lang='lat' dir='ltr'><strong>cognoscitur.</strong></span> <span class='ocrx_word' id='word_1_71' title='bbox 903 728 1065 769; x_wconf 90' lang='lat' dir='ltr'><strong>dubium</strong></span> <span class='ocrx_word' id='word_1_72' title='bbox 1099 734 1170 781; x_wconf 87' lang='lat' dir='ltr'><strong>est,</strong></span> <span class='ocrx_word' id='word_1_73' title='bbox 1205 742 1255 770; x_wconf 90' lang='lat' dir='ltr'><strong>an</strong></span> <span class='ocrx_word' id='word_1_74' title='bbox 1287 730 1385 770; x_wconf 84' lang='lat' dir='ltr'><strong>falso</strong></span> <span class='ocrx_word' id='word_1_75' title='bbox 1416 730 1904 783; x_wconf 77' lang='lat' dir='ltr'><strong>interpretenturNauck,</strong></span> 
     </span>
     <span class='ocr_line' id='line_1_10' title="bbox 331 793 1905 849; baseline 0.001 -15"><span class='ocrx_word' id='word_1_76' title='bbox 331 794 490 847; x_wconf 85' lang='lat' dir='ltr'><strong>Robert,</strong></span> <span class='ocrx_word' id='word_1_77' title='bbox 511 795 577 834; x_wconf 90' lang='lat' dir='ltr'><strong>alii</strong></span> <span class='ocrx_word' id='word_1_78' title='bbox 592 808 681 835; x_wconf 88' lang='lat' dir='ltr'><strong>cum</strong></span> <span class='ocrx_word' id='word_1_79' title='bbox 697 795 849 835; x_wconf 91' lang='lat' dir='ltr'><strong>dicunt:</strong></span> <span class='ocrx_word' id='word_1_80' title='bbox 873 794 994 833; x_wconf 72' lang='lat' dir='ltr'><strong>‘hatte</strong></span> <span class='ocrx_word' id='word_1_81' title='bbox 1015 793 1114 834; x_wconf 94' lang='lat' dir='ltr'><strong>doch</strong></span> <span class='ocrx_word' id='word_1_82' title='bbox 1128 794 1289 834; x_wconf 91' lang='lat' dir='ltr'><strong>Hekabe</strong></span> <span class='ocrx_word' id='word_1_83' title='bbox 1305 794 1380 834; x_wconf 94' lang='lat' dir='ltr'><strong>den</strong></span> <span class='ocrx_word' id='word_1_84' title='bbox 1393 794 1505 834; x_wconf 86' lang='lat' dir='ltr'><strong>Paris</strong></span> <span class='ocrx_word' id='word_1_85' title='bbox 1518 796 1592 834; x_wconf 84' lang='lat' dir='ltr'><strong>wie</strong></span> <span class='ocrx_word' id='word_1_86' title='bbox 1613 796 1677 835; x_wconf 90' lang='lat' dir='ltr'><strong>ein</strong></span> <span class='ocrx_word' id='word_1_87' title='bbox 1696 793 1905 849; x_wconf 79' lang='grc' dir='ltr'><em>κάθαρμα</em></span> 
     </span>
     <span class='ocr_line' id='line_1_11' title="bbox 332 859 1905 912; baseline -0.001 -12"><span class='ocrx_word' id='word_1_88' title='bbox 332 860 432 900; x_wconf 76' lang='lat' dir='ltr'><strong>fiber</strong></span> <span class='ocrx_word' id='word_1_89' title='bbox 456 861 520 900; x_wconf 89' lang='lat' dir='ltr'><strong>ihr</strong></span> <span class='ocrx_word' id='word_1_90' title='bbox 545 860 676 911; x_wconf 84' lang='lat' dir='ltr'><strong>Haupt</strong></span> <span class='ocrx_word' id='word_1_91' title='bbox 701 860 911 911; x_wconf 81' lang='lat' dir='ltr'><strong>geworfen,</strong></span> <span class='ocrx_word' id='word_1_92' title='bbox 946 859 979 899; x_wconf 94' lang='lat' dir='ltr'><strong>d.</strong></span> <span class='ocrx_word' id='word_1_93' title='bbox 1008 860 1043 899; x_wconf 92' lang='lat' dir='ltr'><strong>h.</strong></span> <span class='ocrx_word' id='word_1_94' title='bbox 1073 859 1161 899; x_wconf 90' lang='lat' dir='ltr'><strong>dem</strong></span> <span class='ocrx_word' id='word_1_95' title='bbox 1187 859 1271 899; x_wconf 93' lang='lat' dir='ltr'><strong>Tod</strong></span> <span class='ocrx_word' id='word_1_96' title='bbox 1302 860 1482 912; x_wconf 80' lang='lat' dir='ltr'><strong>geweiht,</strong></span> <span class='ocrx_word' id='word_1_97' title='bbox 1517 860 1618 899; x_wconf 94' lang='lat' dir='ltr'><strong>ohne</strong></span> <span class='ocrx_word' id='word_1_98' title='bbox 1651 859 1736 899; x_wconf 87' lang='lat' dir='ltr'><strong>sich</strong></span> <span class='ocrx_word' id='word_1_99' title='bbox 1767 871 1905 899; x_wconf 90' lang='lat' dir='ltr'><strong>umzu-</strong></span> 
     </span>
     <span class='ocr_line' id='line_1_12' title="bbox 332 922 1905 978; baseline -0.001 -13"><span class='ocrx_word' id='word_1_100' title='bbox 332 922 517 965; x_wconf 88' lang='lat' dir='ltr'><strong>blicken’.</strong></span> <span class='ocrx_word' id='word_1_101' title='bbox 555 926 788 978; x_wconf 84' lang='lat' dir='ltr'><strong>impugnare</strong></span> <span class='ocrx_word' id='word_1_102' title='bbox 808 926 907 965; x_wconf 91' lang='lat' dir='ltr'><strong>mihi</strong></span> <span class='ocrx_word' id='word_1_103' title='bbox 928 925 1093 965; x_wconf 89' lang='lat' dir='ltr'><strong>verbum</strong></span> <span class='ocrx_word' id='word_1_104' title='bbox 1118 924 1255 965; x_wconf 86' lang='grc' dir='ltr'><em>κακόν</em></span> <span class='ocrx_word' id='word_1_105' title='bbox 1273 924 1441 977; x_wconf 88' lang='lat' dir='ltr'><strong>videtur,</strong></span> <span class='ocrx_word' id='word_1_106' title='bbox 1467 937 1545 977; x_wconf 91' lang='lat' dir='ltr'><strong>quo</strong></span> <span class='ocrx_word' id='word_1_107' title='bbox 1571 929 1709 965; x_wconf 88' lang='lat' dir='ltr'><strong>carent</strong></span> <span class='ocrx_word' id='word_1_108' title='bbox 1727 924 1905 977; x_wconf 87' lang='lat' dir='ltr'><strong>exempla</strong></span> 
     </span>
     <span class='ocr_line' id='line_1_13' title="bbox 333 987 1904 1045; baseline -0.001 -16"><span class='ocrx_word' id='word_1_109' title='bbox 333 991 379 1030; x_wconf 88' lang='lat' dir='ltr'><strong>ab</strong></span> <span class='ocrx_word' id='word_1_110' title='bbox 401 990 479 1029; x_wconf 88' lang='lat' dir='ltr'><strong>illis</strong></span> <span class='ocrx_word' id='word_1_111' title='bbox 508 990 632 1030; x_wconf 79' lang='lat' dir='ltr'><strong>allata.</strong></span> <span class='ocrx_word' id='word_1_112' title='bbox 643 987 676 1045; x_wconf 77' lang='lat'><strong>²)</strong></span> <span class='ocrx_word' id='word_1_113' title='bbox 715 992 779 1030; x_wconf 91' lang='lat' dir='ltr'><strong>cui</strong></span> <span class='ocrx_word' id='word_1_114' title='bbox 805 992 890 1030; x_wconf 90' lang='lat' dir='ltr'><strong>voci</strong></span> <span class='ocrx_word' id='word_1_115' title='bbox 914 991 1109 1042; x_wconf 87' lang='lat' dir='ltr'><strong>Hartungi</strong></span> <span class='ocrx_word' id='word_1_116' title='bbox 1135 991 1408 1043; x_wconf 85' lang='lat' dir='ltr'><strong>interpretatio</strong></span> <span class='ocrx_word' id='word_1_117' title='bbox 1429 991 1629 1030; x_wconf 90' lang='lat' dir='ltr'><strong>convenit:</strong></span> <span class='ocrx_word' id='word_1_118' title='bbox 1655 988 1778 1030; x_wconf 71' lang='lat' dir='ltr'><strong>‘hatte</strong></span> <span class='ocrx_word' id='word_1_119' title='bbox 1804 989 1904 1029; x_wconf 89' lang='lat' dir='ltr'><strong>doch</strong></span> 
     </span>
     <span class='ocr_line' id='line_1_14' title="bbox 336 1051 1906 1108; baseline 0 -14"><span class='ocrx_word' id='word_1_120' title='bbox 336 1055 437 1095; x_wconf 83' lang='lat' dir='ltr'><strong>iiber</strong></span> <span class='ocrx_word' id='word_1_121' title='bbox 457 1055 525 1094; x_wconf 87' lang='lat' dir='ltr'><strong>das</strong></span> <span class='ocrx_word' id='word_1_122' title='bbox 545 1055 675 1107; x_wconf 85' lang='lat' dir='ltr'><strong>Haupt</strong></span> <span class='ocrx_word' id='word_1_123' title='bbox 694 1056 775 1095; x_wconf 91' lang='lat' dir='ltr'><strong>ihm</strong></span> <span class='ocrx_word' id='word_1_124' title='bbox 797 1055 859 1095; x_wconf 88' lang='lat' dir='ltr'><strong>die</strong></span> <span class='ocrx_word' id='word_1_125' title='bbox 879 1055 1062 1096; x_wconf 89' lang='lat' dir='ltr'><strong>leibliche</strong></span> <span class='ocrx_word' id='word_1_126' title='bbox 1081 1055 1227 1096; x_wconf 85' lang='lat' dir='ltr'><strong>Mutter</strong></span> <span class='ocrx_word' id='word_1_127' title='bbox 1244 1055 1338 1095; x_wconf 88' lang='lat' dir='ltr'><strong>Pest</strong></span> <span class='ocrx_word' id='word_1_128' title='bbox 1354 1055 1438 1094; x_wconf 90' lang='lat' dir='ltr'><strong>und</strong></span> <span class='ocrx_word' id='word_1_129' title='bbox 1450 1054 1678 1095; x_wconf 91' lang='lat' dir='ltr'><strong>Verderben</strong></span> <span class='ocrx_word' id='word_1_130' title='bbox 1697 1051 1887 1107; x_wconf 77' lang='lat' dir='ltr'><strong>gestfirzt&#39;</strong></span> <span class='ocrx_word' id='word_1_131' title='bbox 1895 1069 1906 1108; x_wconf 69' lang='grc' dir='ltr'><strong>ς</strong></span> 
     </span>
     <span class='ocr_line' id='line_1_15' title="bbox 332 1116 1906 1173; baseline 0 -13"><span class='ocrx_word' id='word_1_132' title='bbox 332 1133 409 1173; x_wconf 87' lang='lat' dir='ltr'><strong>quo</strong></span> <span class='ocrx_word' id='word_1_133' title='bbox 431 1120 546 1160; x_wconf 92' lang='lat' dir='ltr'><strong>modo</strong></span> <span class='ocrx_word' id='word_1_134' title='bbox 562 1122 639 1160; x_wconf 83' lang='lat' dir='ltr'><strong>iam</strong></span> <span class='ocrx_word' id='word_1_135' title='bbox 655 1121 889 1161; x_wconf 88' lang='lat' dir='ltr'><strong>scholiastae</strong></span> <span class='ocrx_word' id='word_1_136' title='bbox 901 1133 1061 1160; x_wconf 89' lang='lat' dir='ltr'><strong>versum</strong></span> <span class='ocrx_word' id='word_1_137' title='bbox 1080 1120 1363 1160; x_wconf 85' lang='lat' dir='ltr'><strong>intellexerunt</strong></span> <span class='ocrx_word' id='word_1_138' title='bbox 1382 1120 1610 1160; x_wconf 71' lang='lat' dir='ltr'><strong>afferentes:</strong></span> <span class='ocrx_word' id='word_1_139' title='bbox 1630 1117 1727 1160; x_wconf 86' lang='grc' dir='ltr'><em>εἴθε</em></span> <span class='ocrx_word' id='word_1_140' title='bbox 1745 1116 1906 1173; x_wconf 75' lang='grc' dir='ltr'><em>ἔβαλεν</em></span> 
     </span>
     <span class='ocr_line' id='line_1_16' title="bbox 331 1180 1903 1240; baseline 0 -15"><span class='ocrx_word' id='word_1_141' title='bbox 331 1184 542 1225; x_wconf 84' lang='grc' dir='ltr'><em>θάνατον·</em></span> <span class='ocrx_word' id='word_1_142' title='bbox 571 1183 668 1226; x_wconf 79' lang='grc' dir='ltr'><em>ἀντὶ</em></span> <span class='ocrx_word' id='word_1_143' title='bbox 693 1190 773 1226; x_wconf 88' lang='grc' dir='ltr'><em>τοῦ</em></span> <span class='ocrx_word' id='word_1_144' title='bbox 800 1184 974 1226; x_wconf 81' lang='grc' dir='ltr'><em>ἀνεῖλεν</em></span> <span class='ocrx_word' id='word_1_145' title='bbox 999 1187 1081 1225; x_wconf 88' lang='lat' dir='ltr'><strong>sive</strong></span> <span class='ocrx_word' id='word_1_146' title='bbox 1108 1180 1204 1226; x_wconf 83' lang='grc' dir='ltr'><em>εἴθε</em></span> <span class='ocrx_word' id='word_1_147' title='bbox 1229 1185 1572 1238; x_wconf 80' lang='grc' dir='ltr'><em>κατεκρήμνισεν</em></span> <span class='ocrx_word' id='word_1_148' title='bbox 1598 1181 1790 1240; x_wconf 66' lang='grc' dir='ltr'><em>αὐτόν.3)</em></span> <span class='ocrx_word' id='word_1_149' title='bbox 1827 1185 1903 1225; x_wconf 79' lang='lat' dir='ltr'><strong>Ro-</strong></span> 
     </span>
     <span class='ocr_line' id='line_1_17' title="bbox 332 1249 1903 1354; baseline 0.001 -65"><span class='ocrx_word' id='word_1_150' title='bbox 332 1250 444 1290; x_wconf 83' lang='lat' dir='ltr'><strong>berto</strong></span> <span class='ocrx_word' id='word_1_151' title='bbox 478 1255 610 1291; x_wconf 90' lang='lat' dir='ltr'><strong>autem</strong></span> <span class='ocrx_word' id='word_1_152' title='bbox 644 1251 941 1291; x_wconf 89' lang='lat' dir='ltr'><strong>concedendum</strong></span> <span class='ocrx_word' id='word_1_153' title='bbox 977 1256 1038 1291; x_wconf 90' lang='lat' dir='ltr'><strong>est</strong></span> <span class='ocrx_word' id='word_1_154' title='bbox 1071 1263 1121 1290; x_wconf 92' lang='lat' dir='ltr'><strong>ne</strong></span> <span class='ocrx_word' id='word_1_155' title='bbox 1158 1251 1445 1354; x_wconf 88' lang='lat' dir='ltr'><strong>expositionem</strong></span> <span class='ocrx_word' id='word_1_156' title='bbox 1482 1250 1642 1301; x_wconf 91' lang='lat' dir='ltr'><strong>quidem</strong></span> <span class='ocrx_word' id='word_1_157' title='bbox 1679 1249 1746 1290; x_wconf 92' lang='lat' dir='ltr'><strong>illo</strong></span> <span class='ocrx_word' id='word_1_158' title='bbox 1780 1250 1903 1290; x_wconf 85' lang='lat' dir='ltr'><strong>verbo</strong></span> 
     </span>
     <span class='ocr_line' id='line_1_18' title="bbox 334 1315 668 1355; baseline 0.003 -1"><span class='ocrx_word' id='word_1_159' title='bbox 334 1315 547 1355; x_wconf 83' lang='lat' dir='ltr'><strong>exhibitam</strong></span> <span class='ocrx_word' id='word_1_160' title='bbox 569 1328 668 1355; x_wconf 92' lang='lat' dir='ltr'><strong>esse.</strong></span> 
     </span>
    </p>
   </div>
   <div class='ocr_carea' id='block_1_4' title="bbox 326 1382 1902 1831">
    <p class='ocr_par' dir='ltr' id='par_1_4' title="bbox 326 1382 1902 1831">
     <span class='ocr_line' id='line_1_19' title="bbox 391 1382 1902 1441; baseline 0.001 -16"><span class='ocrx_word' id='word_1_161' title='bbox 391 1386 471 1426; x_wconf 90' lang='lat' dir='ltr'><strong>lam</strong></span> <span class='ocrx_word' id='word_1_162' title='bbox 499 1391 621 1426; x_wconf 89' lang='lat' dir='ltr'><strong>restat</strong></span> <span class='ocrx_word' id='word_1_163' title='bbox 655 1399 794 1427; x_wconf 88' lang='lat' dir='ltr'><strong>versus</strong></span> <span class='ocrx_word' id='word_1_164' title='bbox 820 1389 1034 1439; x_wconf 89' lang='lat' dir='ltr'><strong>insequens</strong></span> <span class='ocrx_word' id='word_1_165' title='bbox 1062 1382 1207 1441; x_wconf 81' lang='lat'>(295).</span> <span class='ocrx_word' id='word_1_166' title='bbox 1231 1383 1339 1439; x_wconf 83' lang='grc' dir='ltr'><em>πρὶν</em></span> <span class='ocrx_word' id='word_1_167' title='bbox 1358 1382 1522 1427; x_wconf 81' lang='grc' dir='ltr'><em>Ἰδαῖον</em></span> <span class='ocrx_word' id='word_1_168' title='bbox 1553 1391 1809 1439; x_wconf 80' lang='grc' dir='ltr'><em>κατοικῆσαι</em></span> <span class='ocrx_word' id='word_1_169' title='bbox 1835 1384 1902 1434; x_wconf 85' lang='grc' dir='ltr'><em>λε’-</em></span> 
     </span>
     <span class='ocr_line' id='line_1_20' title="bbox 332 1447 1902 1507; baseline 0.001 -17"><span class='ocrx_word' id='word_1_170' title='bbox 332 1464 425 1498; x_wconf 80' lang='grc' dir='ltr'><em>πας.</em></span> <span class='ocrx_word' id='word_1_171' title='bbox 428 1447 464 1504; x_wconf 75' lang='lat'><strong>4)</strong></span> <span class='ocrx_word' id='word_1_172' title='bbox 500 1451 666 1490; x_wconf 78' lang='lat' dir='ltr'><strong>veibum</strong></span> <span class='ocrx_word' id='word_1_173' title='bbox 692 1449 824 1500; x_wconf 80' lang='grc' dir='ltr'><em>λέπας</em></span> <span class='ocrx_word' id='word_1_174' title='bbox 850 1465 927 1491; x_wconf 86' lang='grc'><strong>11011</strong></span> <span class='ocrx_word' id='word_1_175' title='bbox 949 1458 1019 1504; x_wconf 85' lang='lat' dir='ltr'><strong>est,</strong></span> <span class='ocrx_word' id='word_1_176' title='bbox 1046 1464 1118 1491; x_wconf 88' lang='lat' dir='ltr'><strong>cur</strong></span> <span class='ocrx_word' id='word_1_177' title='bbox 1137 1453 1403 1504; x_wconf 84' lang='lat' dir='ltr'><strong>suspicionem</strong></span> <span class='ocrx_word' id='word_1_178' title='bbox 1423 1457 1587 1492; x_wconf 83' lang='lat' dir='ltr'><strong>moveat.</strong></span> <span class='ocrx_word' id='word_1_179' title='bbox 1590 1447 1626 1507; x_wconf 84' lang='grc'><strong>5)</strong></span> <span class='ocrx_word' id='word_1_180' title='bbox 1660 1452 1726 1492; x_wconf 83' lang='grc'><strong>1110</strong></span> <span class='ocrx_word' id='word_1_181' title='bbox 1745 1465 1902 1505; x_wconf 90' lang='lat' dir='ltr'><strong>quoque</strong></span> 
     </span>
     <span class='ocr_line' id='line_1_21' title="bbox 332 1516 1902 1570; baseline 0.001 -15"><span class='ocrx_word' id='word_1_182' title='bbox 332 1516 554 1567; x_wconf 88' lang='lat' dir='ltr'><strong>negandum</strong></span> <span class='ocrx_word' id='word_1_183' title='bbox 582 1522 642 1555; x_wconf 86' lang='lat' dir='ltr'><strong>est</strong></span> <span class='ocrx_word' id='word_1_184' title='bbox 668 1529 747 1568; x_wconf 79' lang='lat' dir='ltr'><strong>eos,</strong></span> <span class='ocrx_word' id='word_1_185' title='bbox 780 1518 849 1569; x_wconf 87' lang='lat' dir='ltr'><strong>qui</strong></span> <span class='ocrx_word' id='word_1_186' title='bbox 874 1516 1036 1556; x_wconf 86' lang='lat' dir='ltr'><strong>Roberti</strong></span> <span class='ocrx_word' id='word_1_187' title='bbox 1062 1518 1282 1557; x_wconf 85' lang='lat' dir='ltr'><strong>sententiae</strong></span> <span class='ocrx_word' id='word_1_188' title='bbox 1308 1517 1514 1569; x_wconf 86' lang='lat' dir='ltr'><strong>obsistant,</strong></span> <span class='ocrx_word' id='word_1_189' title='bbox 1541 1523 1648 1557; x_wconf 88' lang='lat' dir='ltr'><strong>recte</strong></span> <span class='ocrx_word' id='word_1_190' title='bbox 1672 1517 1902 1570; x_wconf 85' lang='lat' dir='ltr'><strong>procedere,</strong></span> 
     </span>
     <span class='ocr_line' id='line_1_22' title="bbox 332 1580 1902 1636; baseline 0.003 -17"><span class='ocrx_word' id='word_1_191' title='bbox 332 1583 366 1620; x_wconf 91' lang='lat' dir='ltr'><strong>si</strong></span> <span class='ocrx_word' id='word_1_192' title='bbox 410 1593 495 1620; x_wconf 91' lang='lat' dir='ltr'><strong>eam</strong></span> <span class='ocrx_word' id='word_1_193' title='bbox 540 1580 691 1621; x_wconf 84' lang='lat' dir='ltr'><strong>fabulae</strong></span> <span class='ocrx_word' id='word_1_194' title='bbox 734 1583 974 1634; x_wconf 78' lang='lat' dir='ltr'><strong>versionem,</strong></span> <span class='ocrx_word' id='word_1_195' title='bbox 1019 1589 1135 1634; x_wconf 87' lang='lat' dir='ltr'><strong>quam</strong></span> <span class='ocrx_word' id='word_1_196' title='bbox 1179 1582 1327 1622; x_wconf 85' lang='lat' dir='ltr'><strong>Robert</strong></span> <span class='ocrx_word' id='word_1_197' title='bbox 1371 1582 1576 1635; x_wconf 86' lang='lat' dir='ltr'><strong>Sophoclis</strong></span> <span class='ocrx_word' id='word_1_198' title='bbox 1619 1582 1902 1636; x_wconf 90' lang='lat' dir='ltr'><strong>Euripidisque</strong></span> 
     </span>
     <span class='ocr_line' id='line_1_23' title="bbox 326 1644 1901 1700; baseline 0.002 -15"><span class='ocrx_word' id='word_1_199' title='bbox 326 1644 628 1699; x_wconf 79' lang='grc' dir='ltr'><em>Ἀλεξάνδροις</em></span> <span class='ocrx_word' id='word_1_200' title='bbox 653 1647 866 1698; x_wconf 84' lang='lat' dir='ltr'><strong>tragoediis</strong></span> <span class='ocrx_word' id='word_1_201' title='bbox 892 1647 1122 1700; x_wconf 84' lang='lat' dir='ltr'><strong>vindicavit,</strong></span> <span class='ocrx_word' id='word_1_202' title='bbox 1150 1653 1315 1688; x_wconf 88' lang='lat' dir='ltr'><strong>censent</strong></span> <span class='ocrx_word' id='word_1_203' title='bbox 1339 1648 1550 1700; x_wconf 85' lang='lat' dir='ltr'><strong>volgarem,</strong></span> <span class='ocrx_word' id='word_1_204' title='bbox 1576 1650 1629 1688; x_wconf 91' lang='lat' dir='ltr'><strong>ita</strong></span> <span class='ocrx_word' id='word_1_205' title='bbox 1653 1654 1697 1688; x_wconf 92' lang='lat' dir='ltr'><strong>ut</strong></span> <span class='ocrx_word' id='word_1_206' title='bbox 1721 1648 1901 1688; x_wconf 90' lang='lat' dir='ltr'><strong>ubicum-</strong></span> 
     </span>
     <span class='ocr_line' id='line_1_24' title="bbox 333 1710 1901 1766; baseline 0.003 -17"><span class='ocrx_word' id='word_1_207' title='bbox 333 1724 409 1762; x_wconf 92' lang='lat' dir='ltr'><strong>que</strong></span> <span class='ocrx_word' id='word_1_208' title='bbox 435 1710 588 1750; x_wconf 82' lang='lat' dir='ltr'><strong>Paridis</strong></span> <span class='ocrx_word' id='word_1_209' title='bbox 614 1711 879 1752; x_wconf 80' lang='lat' dir='ltr'><strong>adulescentis</strong></span> <span class='ocrx_word' id='word_1_210' title='bbox 905 1715 1055 1753; x_wconf 87' lang='lat' dir='ltr'><strong>mentio</strong></span> <span class='ocrx_word' id='word_1_211' title='bbox 1082 1714 1160 1765; x_wconf 80' lang='lat' dir='ltr'><strong>fiat,</strong></span> <span class='ocrx_word' id='word_1_212' title='bbox 1194 1714 1398 1766; x_wconf 90' lang='lat' dir='ltr'><strong>supposita</strong></span> <span class='ocrx_word' id='word_1_213' title='bbox 1424 1715 1477 1753; x_wconf 86' lang='lat' dir='ltr'><strong>sit</strong></span> <span class='ocrx_word' id='word_1_214' title='bbox 1502 1715 1708 1766; x_wconf 78' lang='lat' dir='ltr'><strong>expositio,</strong></span> <span class='ocrx_word' id='word_1_215' title='bbox 1746 1719 1901 1753; x_wconf 86' lang='lat' dir='ltr'><strong>contra-</strong></span> 
     </span>
     <span class='ocr_line' id='line_1_25' title="bbox 332 1777 1901 1831; baseline 0.003 -17"><span class='ocrx_word' id='word_1_216' title='bbox 332 1777 434 1815; x_wconf 92' lang='lat' dir='ltr'><strong>rium</strong></span> <span class='ocrx_word' id='word_1_217' title='bbox 461 1781 522 1816; x_wconf 88' lang='lat' dir='ltr'><strong>est</strong></span> <span class='ocrx_word' id='word_1_218' title='bbox 547 1782 716 1816; x_wconf 87' lang='lat' dir='ltr'><strong>rectum:</strong></span> <span class='ocrx_word' id='word_1_219' title='bbox 745 1777 954 1817; x_wconf 91' lang='lat' dir='ltr'><strong>dummodo</strong></span> <span class='ocrx_word' id='word_1_220' title='bbox 976 1791 1076 1830; x_wconf 89' lang='lat' dir='ltr'><strong>quae</strong></span> <span class='ocrx_word' id='word_1_221' title='bbox 1097 1778 1225 1818; x_wconf 87' lang='lat' dir='ltr'><strong>adhuc</strong></span> <span class='ocrx_word' id='word_1_222' title='bbox 1247 1778 1520 1831; x_wconf 82' lang='lat' dir='ltr'><strong>disseruimus,</strong></span> <span class='ocrx_word' id='word_1_223' title='bbox 1549 1791 1600 1818; x_wconf 91' lang='lat' dir='ltr'><strong>ne</strong></span> <span class='ocrx_word' id='word_1_224' title='bbox 1619 1780 1784 1831; x_wconf 88' lang='lat' dir='ltr'><strong>prorsus</strong></span> <span class='ocrx_word' id='word_1_225' title='bbox 1805 1778 1901 1819; x_wconf 81' lang='lat' dir='ltr'><strong>salsa</strong></span> 
     </span>
    </p>
   </div>
   <div class='ocr_carea' id='block_1_5' title="bbox 330 1901 1901 2053">
    <p class='ocr_par' dir='ltr' id='par_1_5' title="bbox 330 1901 1901 2053">
     <span class='ocr_line' id='line_1_26' title="bbox 392 1901 1901 1950; baseline 0.003 -15"><span class='ocrx_word' id='word_1_226' title='bbox 392 1903 425 1946; x_wconf 90' lang='lat'><strong>1)</strong></span> <span class='ocrx_word' id='word_1_227' title='bbox 451 1901 503 1936; x_wconf 80' lang='lat' dir='ltr'><strong>ita</strong></span> <span class='ocrx_word' id='word_1_228' title='bbox 533 1901 644 1936; x_wconf 85' lang='lat' dir='ltr'><strong>etiam</strong></span> <span class='ocrx_word' id='word_1_229' title='bbox 668 1902 812 1936; x_wconf 85' lang='lat' dir='ltr'><strong>Urlichs</strong></span> <span class='ocrx_word' id='word_1_230' title='bbox 846 1903 1028 1948; x_wconf 64' lang='lat' dir='ltr'><strong>(Beittrtige</strong></span> <span class='ocrx_word' id='word_1_231' title='bbox 1059 1915 1122 1937; x_wconf 83' lang='lat' dir='ltr'><strong>zur</strong></span> <span class='ocrx_word' id='word_1_232' title='bbox 1154 1904 1485 1948; x_wconf 86' lang='lat' dir='ltr'><strong>Kunstgeschichte</strong></span> <span class='ocrx_word' id='word_1_233' title='bbox 1519 1908 1610 1939; x_wconf 84' lang='lat'>1884</span> <span class='ocrx_word' id='word_1_234' title='bbox 1644 1916 1680 1949; x_wconf 91' lang='lat' dir='ltr'><strong>p.</strong></span> <span class='ocrx_word' id='word_1_235' title='bbox 1710 1906 1784 1950; x_wconf 88' lang='lat'><strong>15),</strong></span> <span class='ocrx_word' id='word_1_236' title='bbox 1817 1917 1901 1941; x_wconf 85' lang='lat' dir='ltr'><strong>cum</strong></span> 
     </span>
     <span class='ocr_line' id='line_1_27' title="bbox 330 1953 1900 2000; baseline 0.003 -12"><span class='ocrx_word' id='word_1_237' title='bbox 330 1953 481 1989; x_wconf 84' lang='lat' dir='ltr'><strong>Roberti</strong></span> <span class='ocrx_word' id='word_1_238' title='bbox 507 1955 724 1989; x_wconf 76' lang='lat' dir='ltr'><strong>sententiam</strong></span> <span class='ocrx_word' id='word_1_239' title='bbox 747 1956 903 2000; x_wconf 79' lang='lat' dir='ltr'><strong>repellit,</strong></span> <span class='ocrx_word' id='word_1_240' title='bbox 930 1957 1106 1999; x_wconf 82' lang='lat' dir='ltr'><strong>concedit,</strong></span> <span class='ocrx_word' id='word_1_241' title='bbox 1135 1957 1219 1991; x_wconf 81' lang='lat' dir='ltr'><strong>‘dass</strong></span> <span class='ocrx_word' id='word_1_242' title='bbox 1239 1958 1299 1992; x_wconf 88' lang='lat' dir='ltr'><strong>die</strong></span> <span class='ocrx_word' id='word_1_243' title='bbox 1317 1968 1351 1991; x_wconf 86' lang='lat' dir='ltr'><strong>v.</strong></span> <span class='ocrx_word' id='word_1_244' title='bbox 1371 1960 1572 2000; x_wconf 81' lang='lat'>293—300‚</span> <span class='ocrx_word' id='word_1_245' title='bbox 1591 1969 1698 1992; x_wconf 88' lang='lat' dir='ltr'><strong>wenn</strong></span> <span class='ocrx_word' id='word_1_246' title='bbox 1717 1958 1771 1993; x_wconf 88' lang='lat' dir='ltr'><strong>sie</strong></span> <span class='ocrx_word' id='word_1_247' title='bbox 1789 1959 1900 1994; x_wconf 78' lang='lat' dir='ltr'><strong>allein</strong></span> 
     </span>
     <span class='ocr_line' id='line_1_28' title="bbox 331 2007 1673 2053; baseline 0.003 -12"><span class='ocrx_word' id='word_1_248' title='bbox 331 2007 495 2050; x_wconf 62' lang='lat' dir='ltr'><strong>sffinden,</strong></span> <span class='ocrx_word' id='word_1_249' title='bbox 521 2007 615 2042; x_wconf 80' lang='lat' dir='ltr'><strong>auch</strong></span> <span class='ocrx_word' id='word_1_250' title='bbox 640 2018 679 2042; x_wconf 92' lang='lat' dir='ltr'><strong>so</strong></span> <span class='ocrx_word' id='word_1_251' title='bbox 704 2010 928 2044; x_wconf 83' lang='lat' dir='ltr'><strong>verstanden-</strong></span> <span class='ocrx_word' id='word_1_252' title='bbox 947 2010 1093 2044; x_wconf 86' lang='lat' dir='ltr'><strong>werden</strong></span> <span class='ocrx_word' id='word_1_253' title='bbox 1117 2010 1291 2053; x_wconf 63' lang='grc'><strong>1160111011,</strong></span> <span class='ocrx_word' id='word_1_254' title='bbox 1315 2010 1384 2045; x_wconf 89' lang='lat' dir='ltr'><strong>wie</strong></span> <span class='ocrx_word' id='word_1_255' title='bbox 1409 2010 1547 2045; x_wconf 76' lang='lat' dir='ltr'><strong>Robert</strong></span> <span class='ocrx_word' id='word_1_256' title='bbox 1568 2011 1673 2045; x_wconf 87' lang='lat' dir='ltr'><strong>will’.</strong></span> 
     </span>
    </p>
   </div>
   <div class='ocr_carea' id='block_1_6' title="bbox 392 2066 1900 2118">
    <p class='ocr_par' dir='ltr' id='par_1_6' title="bbox 392 2066 1900 2118">
     <span class='ocr_line' id='line_1_29' title="bbox 392 2066 1900 2118; baseline 0.004 -18"><span class='ocrx_word' id='word_1_257' title='bbox 392 2068 427 2112; x_wconf 81' lang='grc'>2)</span> <span class='ocrx_word' id='word_1_258' title='bbox 453 2066 554 2101; x_wconf 85' lang='lat' dir='ltr'><strong>velut</strong></span> <span class='ocrx_word' id='word_1_259' title='bbox 577 2066 707 2103; x_wconf 85' lang='lat' dir='ltr'><strong>Aesoh.</strong></span> <span class='ocrx_word' id='word_1_260' title='bbox 729 2066 889 2112; x_wconf 85' lang='lat' dir='ltr'><strong>Choeph.</strong></span> <span class='ocrx_word' id='word_1_261' title='bbox 911 2071 955 2103; x_wconf 88' lang='lat'><strong>98</strong></span> <span class='ocrx_word' id='word_1_262' title='bbox 983 2081 1067 2103; x_wconf 91' lang='lat' dir='ltr'><strong>cum</strong></span> <span class='ocrx_word' id='word_1_263' title='bbox 1093 2069 1221 2112; x_wconf 87' lang='lat' dir='ltr'><strong>schol.;</strong></span> <span class='ocrx_word' id='word_1_264' title='bbox 1253 2069 1363 2114; x_wconf 70' lang='lat' dir='ltr'><strong>Verg.</strong></span> <span class='ocrx_word' id='word_1_265' title='bbox 1383 2069 1457 2106; x_wconf 87' lang='lat' dir='ltr'><strong>Ecl.</strong></span> <span class='ocrx_word' id='word_1_266' title='bbox 1479 2073 1572 2116; x_wconf 69' lang='lat'><strong>810,;</strong></span> <span class='ocrx_word' id='word_1_267' title='bbox 1598 2069 1748 2105; x_wconf 87' lang='lat' dir='ltr'><strong>Theocr.</strong></span> <span class='ocrx_word' id='word_1_268' title='bbox 1769 2073 1844 2118; x_wconf 70' lang='lat'><strong>24„</strong></span> <span class='ocrx_word' id='word_1_269' title='bbox 1859 2091 1900 2110; x_wconf 74' lang='lat' dir='ltr'><strong>sn·</strong></span> 
     </span>
    </p>
   </div>
   <div class='ocr_carea' id='block_1_7' title="bbox 330 2127 1898 2278">
    <p class='ocr_par' dir='ltr' id='par_1_7' title="bbox 330 2127 1898 2278">
     <span class='ocr_line' id='line_1_30' title="bbox 393 2127 1898 2173; baseline 0.004 -14"><span class='ocrx_word' id='word_1_270' title='bbox 393 2127 426 2170; x_wconf 92' lang='lat'><strong>3)</strong></span> <span class='ocrx_word' id='word_1_271' title='bbox 451 2137 519 2160; x_wconf 90' lang='lat' dir='ltr'><strong>nec</strong></span> <span class='ocrx_word' id='word_1_272' title='bbox 538 2137 623 2161; x_wconf 83' lang='lat' dir='ltr'><strong>vero</strong></span> <span class='ocrx_word' id='word_1_273' title='bbox 648 2127 721 2162; x_wconf 89' lang='lat' dir='ltr'><strong>huc</strong></span> <span class='ocrx_word' id='word_1_274' title='bbox 738 2128 922 2171; x_wconf 85' lang='lat' dir='ltr'><strong>pertinere</strong></span> <span class='ocrx_word' id='word_1_275' title='bbox 941 2129 1033 2163; x_wconf 85' lang='lat' dir='ltr'><strong>mihi</strong></span> <span class='ocrx_word' id='word_1_276' title='bbox 1052 2129 1198 2164; x_wconf 86' lang='lat' dir='ltr'><strong>videtur</strong></span> <span class='ocrx_word' id='word_1_277' title='bbox 1216 2128 1248 2163; x_wconf 86' lang='lat' dir='ltr'><strong>is</strong></span> <span class='ocrx_word' id='word_1_278' title='bbox 1267 2129 1370 2172; x_wconf 81' lang='lat' dir='ltr'><strong>ritus,</strong></span> <span class='ocrx_word' id='word_1_279' title='bbox 1391 2139 1463 2173; x_wconf 92' lang='lat' dir='ltr'><strong>quo</strong></span> <span class='ocrx_word' id='word_1_280' title='bbox 1484 2129 1529 2163; x_wconf 89' lang='lat' dir='ltr'><strong>de</strong></span> <span class='ocrx_word' id='word_1_281' title='bbox 1549 2129 1626 2173; x_wconf 87' lang='lat' dir='ltr'><strong>egit</strong></span> <span class='ocrx_word' id='word_1_282' title='bbox 1644 2129 1686 2163; x_wconf 89' lang='lat' dir='ltr'><strong>A.</strong></span> <span class='ocrx_word' id='word_1_283' title='bbox 1701 2129 1898 2173; x_wconf 84' lang='lat' dir='ltr'><strong>Dieterich,</strong></span> 
     </span>
     <span class='ocr_line' id='line_1_31' title="bbox 330 2178 1897 2228; baseline 0.005 -16"><span class='ocrx_word' id='word_1_284' title='bbox 330 2179 463 2213; x_wconf 88' lang='lat' dir='ltr'><strong>Mutter</strong></span> <span class='ocrx_word' id='word_1_285' title='bbox 487 2178 582 2214; x_wconf 86' lang='lat' dir='ltr'><strong>Erde</strong></span> <span class='ocrx_word' id='word_1_286' title='bbox 606 2191 642 2224; x_wconf 88' lang='lat' dir='ltr'><strong>p</strong></span> <span class='ocrx_word' id='word_1_287' title='bbox 670 2183 766 2215; x_wconf 85' lang='lat' dir='ltr'><strong>6ss.·</strong></span> <span class='ocrx_word' id='word_1_288' title='bbox 759 2192 913 2225; x_wconf 87' lang='lat' dir='ltr'><strong>‚neque</strong></span> <span class='ocrx_word' id='word_1_289' title='bbox 939 2182 1037 2216; x_wconf 90' lang='lat' dir='ltr'><strong>enim</strong></span> <span class='ocrx_word' id='word_1_290' title='bbox 1062 2182 1131 2217; x_wconf 90' lang='lat' dir='ltr'><strong>hoc</strong></span> <span class='ocrx_word' id='word_1_291' title='bbox 1161 2182 1241 2216; x_wconf 90' lang='lat' dir='ltr'><strong>loco</strong></span> <span class='ocrx_word' id='word_1_292' title='bbox 1272 2182 1311 2216; x_wconf 92' lang='lat' dir='ltr'><strong>in</strong></span> <span class='ocrx_word' id='word_1_293' title='bbox 1338 2193 1448 2217; x_wconf 89' lang='lat' dir='ltr'><strong>censu</strong></span> <span class='ocrx_word' id='word_1_294' title='bbox 1480 2184 1535 2216; x_wconf 87' lang='lat' dir='ltr'><strong>est</strong></span> <span class='ocrx_word' id='word_1_295' title='bbox 1558 2182 1679 2217; x_wconf 82' lang='lat' dir='ltr'><strong>infans</strong></span> <span class='ocrx_word' id='word_1_296' title='bbox 1703 2183 1808 2218; x_wconf 88' lang='lat' dir='ltr'><strong>humi</strong></span> <span class='ocrx_word' id='word_1_297' title='bbox 1832 2194 1897 2228; x_wconf 89' lang='lat' dir='ltr'><strong>po—</strong></span> 
     </span>
     <span class='ocr_line' id='line_1_32' title="bbox 331 2232 870 2278; baseline 0.006 -13"><span class='ocrx_word' id='word_1_298' title='bbox 331 2232 471 2266; x_wconf 87' lang='lat' dir='ltr'><strong>nendus</strong></span> <span class='ocrx_word' id='word_1_299' title='bbox 498 2234 533 2266; x_wconf 90' lang='lat' dir='ltr'><strong>et</strong></span> <span class='ocrx_word' id='word_1_300' title='bbox 557 2232 738 2267; x_wconf 89' lang='lat' dir='ltr'><strong>tollendus</strong></span> <span class='ocrx_word' id='word_1_301' title='bbox 763 2234 870 2278; x_wconf 84' lang='lat' dir='ltr'><strong>patri</strong></span> 
     </span>
    </p>
   </div>
   <div class='ocr_carea' id='block_1_8' title="bbox 331 2292 1899 2442">
    <p class='ocr_par' dir='ltr' id='par_1_8' title="bbox 331 2292 1899 2442">
     <span class='ocr_line' id='line_1_33' title="bbox 391 2292 1899 2341; baseline 0.005 -16"><span class='ocrx_word' id='word_1_302' title='bbox 391 2292 425 2336; x_wconf 85' lang='lat'><strong>4)</strong></span> <span class='ocrx_word' id='word_1_303' title='bbox 451 2295 669 2336; x_wconf 80' lang='grc' dir='ltr'><em>κατοικῆσαι</em></span> <span class='ocrx_word' id='word_1_304' title='bbox 688 2292 856 2336; x_wconf 85' lang='lat' dir='ltr'><strong>pluribus</strong></span> <span class='ocrx_word' id='word_1_305' title='bbox 881 2305 1002 2338; x_wconf 89' lang='lat' dir='ltr'><strong>neque</strong></span> <span class='ocrx_word' id='word_1_306' title='bbox 1021 2294 1264 2329; x_wconf 84' lang='lat' dir='ltr'><strong>deterioribus</strong></span> <span class='ocrx_word' id='word_1_307' title='bbox 1284 2293 1472 2328; x_wconf 85' lang='lat' dir='ltr'><strong>codicibus</strong></span> <span class='ocrx_word' id='word_1_308' title='bbox 1491 2294 1668 2329; x_wconf 75' lang='lat' dir='ltr'><strong>traditum</strong></span> <span class='ocrx_word' id='word_1_309' title='bbox 1681 2296 1746 2338; x_wconf 83' lang='lat' dir='ltr'><strong>est,</strong></span> <span class='ocrx_word' id='word_1_310' title='bbox 1764 2307 1899 2341; x_wconf 82' lang='lat' dir='ltr'><strong>nempe</strong></span> 
     </span>
     <span class='ocr_line' id='line_1_34' title="bbox 331 2343 1899 2393; baseline 0.004 -16"><span class='ocrx_word' id='word_1_311' title='bbox 331 2343 478 2378; x_wconf 90' lang='lat' dir='ltr'><strong>AbELP</strong></span> <span class='ocrx_word' id='word_1_312' title='bbox 511 2345 568 2389; x_wconf 86' lang='lat' dir='ltr'><strong>(cf.</strong></span> <span class='ocrx_word' id='word_1_313' title='bbox 602 2345 807 2380; x_wconf 84' lang='lat' dir='ltr'><strong>Weckleini</strong></span> <span class='ocrx_word' id='word_1_314' title='bbox 840 2347 925 2382; x_wconf 83' lang='lat' dir='ltr'><strong>edit.</strong></span> <span class='ocrx_word' id='word_1_315' title='bbox 959 2348 1122 2382; x_wconf 79' lang='lat' dir='ltr'><strong>criticam</strong></span> <span class='ocrx_word' id='word_1_316' title='bbox 1153 2348 1492 2393; x_wconf 80' lang='lat' dir='ltr'><strong>a.1900),contra</strong></span> <span class='ocrx_word' id='word_1_317' title='bbox 1521 2346 1730 2384; x_wconf 80' lang='grc' dir='ltr'><em>κατοικίσαι</em></span> <span class='ocrx_word' id='word_1_318' title='bbox 1761 2349 1899 2385; x_wconf 80' lang='lat' dir='ltr'><strong>habent</strong></span> 
     </span>
     <span class='ocr_line' id='line_1_35' title="bbox 332 2396 1178 2442; baseline 0.006 -12"><span class='ocrx_word' id='word_1_319' title='bbox 332 2397 434 2431; x_wconf 89' lang='lat' dir='ltr'><strong>codd.</strong></span> <span class='ocrx_word' id='word_1_320' title='bbox 463 2396 575 2431; x_wconf 74' lang='lat' dir='ltr'><strong>A&#39;Bl</strong></span> <span class='ocrx_word' id='word_1_321' title='bbox 601 2400 710 2442; x_wconf 83' lang='lat' dir='ltr'><strong>atque</strong></span> <span class='ocrx_word' id='word_1_322' title='bbox 736 2409 861 2434; x_wconf 86' lang='lat' dir='ltr'><strong>omnes</strong></span> <span class='ocrx_word' id='word_1_323' title='bbox 887 2401 962 2435; x_wconf 86' lang='lat' dir='ltr'><strong>fere</strong></span> <span class='ocrx_word' id='word_1_324' title='bbox 988 2401 1178 2436; x_wconf 76' lang='lat' dir='ltr'><strong>editiones.</strong></span> 
     </span>
    </p>
   </div>
   <div class='ocr_carea' id='block_1_9' title="bbox 331 2455 1898 2932">
    <p class='ocr_par' dir='ltr' id='par_1_9' title="bbox 331 2455 1898 2932">
     <span class='ocr_line' id='line_1_36' title="bbox 394 2455 1898 2504; baseline 0.006 -15.134"><span class='ocrx_word' id='word_1_325' title='bbox 394 2457 426 2500; x_wconf 81' lang='grc' dir='ltr'>ὅ)</span> <span class='ocrx_word' id='word_1_326' title='bbox 453 2455 620 2490; x_wconf 85' lang='lat' dir='ltr'><strong>Wentzel</strong></span> <span class='ocrx_word' id='word_1_327' title='bbox 639 2457 791 2500; x_wconf 85' lang='lat' dir='ltr'><strong>quidem</strong></span> <span class='ocrx_word' id='word_1_328' title='bbox 811 2459 998 2493; x_wconf 85' lang='lat' dir='ltr'><strong>contendit</strong></span> <span class='ocrx_word' id='word_1_329' title='bbox 1017 2460 1065 2504; x_wconf 89' lang='lat' dir='ltr'><strong>(p.</strong></span> <span class='ocrx_word' id='word_1_330' title='bbox 1087 2461 1198 2504; x_wconf 82' lang='grc'>56)·,</span> <span class='ocrx_word' id='word_1_331' title='bbox 1203 2457 1426 2502; x_wconf 78' lang='grc' dir='ltr'><em>,κατοικίσαι</em></span> <span class='ocrx_word' id='word_1_332' title='bbox 1443 2459 1556 2500; x_wconf 78' lang='grc' dir='ltr'><em>λέπας</em></span> <span class='ocrx_word' id='word_1_333' title='bbox 1574 2460 1673 2495; x_wconf 79' lang='lat' dir='ltr'><strong>kann</strong></span> <span class='ocrx_word' id='word_1_334' title='bbox 1690 2472 1778 2496; x_wconf 82' lang='lat' dir='ltr'><strong>man</strong></span> <span class='ocrx_word' id='word_1_335' title='bbox 1795 2462 1898 2499; x_wconf 77' lang='lat' dir='ltr'><strong>nicht</strong></span> 
     </span>
     <span class='ocr_line' id='line_1_37' title="bbox 333 2508 1898 2555; baseline 0.006 -14"><span class='ocrx_word' id='word_1_336' title='bbox 333 2519 446 2553; x_wconf 82' lang='lat' dir='ltr'><strong>sagen</strong></span> <span class='ocrx_word' id='word_1_337' title='bbox 472 2518 543 2542; x_wconf 85' lang='lat' dir='ltr'><strong>von</strong></span> <span class='ocrx_word' id='word_1_338' title='bbox 558 2508 783 2553; x_wconf 79' lang='lat' dir='ltr'><strong>jemandem,</strong></span> <span class='ocrx_word' id='word_1_339' title='bbox 810 2511 881 2546; x_wconf 90' lang='lat' dir='ltr'><strong>den</strong></span> <span class='ocrx_word' id='word_1_340' title='bbox 899 2523 985 2546; x_wconf 85' lang='lat' dir='ltr'><strong>man</strong></span> <span class='ocrx_word' id='word_1_341' title='bbox 1004 2524 1087 2546; x_wconf 86' lang='lat' dir='ltr'><strong>zum</strong></span> <span class='ocrx_word' id='word_1_342' title='bbox 1106 2512 1235 2548; x_wconf 86' lang='lat' dir='ltr'><strong>Hirten</strong></span> <span class='ocrx_word' id='word_1_343' title='bbox 1254 2512 1387 2555; x_wconf 82' lang='lat' dir='ltr'><strong>macht,</strong></span> <span class='ocrx_word' id='word_1_344' title='bbox 1413 2513 1480 2547; x_wconf 83' lang='lat' dir='ltr'><strong>auf</strong></span> <span class='ocrx_word' id='word_1_345' title='bbox 1495 2513 1615 2548; x_wconf 90' lang='lat' dir='ltr'><strong>einem</strong></span> <span class='ocrx_word' id='word_1_346' title='bbox 1633 2513 1748 2555; x_wconf 74' lang='grc' dir='ltr'><em>λέπας</em></span> <span class='ocrx_word' id='word_1_347' title='bbox 1765 2515 1898 2551; x_wconf 85' lang='lat' dir='ltr'><strong>weidet</strong></span> 
     </span>
     <span class='ocr_line' id='line_1_38' title="bbox 331 2561 1898 2615; baseline 0.006 -21"><span class='ocrx_word' id='word_1_348' title='bbox 331 2561 439 2595; x_wconf 87' lang='lat' dir='ltr'><strong>keine</strong></span> <span class='ocrx_word' id='word_1_349' title='bbox 448 2561 578 2596; x_wconf 85' lang='lat' dir='ltr'><strong>Herde.</strong></span> <span class='ocrx_word' id='word_1_350' title='bbox 605 2562 678 2596; x_wconf 86' lang='lat' dir='ltr'><strong>Der</strong></span> <span class='ocrx_word' id='word_1_351' title='bbox 691 2563 885 2598; x_wconf 78' lang='lat' dir='ltr'><strong>Ausdruck</strong></span> <span class='ocrx_word' id='word_1_352' title='bbox 904 2565 1002 2599; x_wconf 86' lang='lat' dir='ltr'><strong>kann</strong></span> <span class='ocrx_word' id='word_1_353' title='bbox 1021 2577 1091 2599; x_wconf 89' lang='lat' dir='ltr'><strong>nur</strong></span> <span class='ocrx_word' id='word_1_354' title='bbox 1109 2567 1326 2601; x_wconf 85' lang='lat' dir='ltr'><strong>verstanden</strong></span> <span class='ocrx_word' id='word_1_355' title='bbox 1339 2566 1485 2601; x_wconf 85' lang='lat' dir='ltr'><strong>werden</strong></span> <span class='ocrx_word' id='word_1_356' title='bbox 1498 2577 1570 2601; x_wconf 87' lang='lat' dir='ltr'><strong>von</strong></span> <span class='ocrx_word' id='word_1_357' title='bbox 1590 2567 1654 2602; x_wconf 88' lang='lat' dir='ltr'><strong>der</strong></span> <span class='ocrx_word' id='word_1_358' title='bbox 1667 2567 1898 2615; x_wconf 78' lang='lat' dir='ltr'><strong>Aussetzung</strong></span> 
     </span>
     <span class='ocr_line' id='line_1_39' title="bbox 332 2613 1895 2664; baseline 0.005 -16"><span class='ocrx_word' id='word_1_359' title='bbox 332 2615 395 2649; x_wconf 88' lang='lat' dir='ltr'><strong>des</strong></span> <span class='ocrx_word' id='word_1_360' title='bbox 420 2613 522 2649; x_wconf 81' lang='lat' dir='ltr'><strong>Paris</strong></span> <span class='ocrx_word' id='word_1_361' title='bbox 555 2615 621 2649; x_wconf 85' lang='lat' dir='ltr'><strong>auf</strong></span> <span class='ocrx_word' id='word_1_362' title='bbox 649 2616 708 2651; x_wconf 90' lang='lat' dir='ltr'><strong>die</strong></span> <span class='ocrx_word' id='word_1_363' title='bbox 734 2616 863 2652; x_wconf 86' lang='lat' dir='ltr'><strong>Felsen</strong></span> <span class='ocrx_word' id='word_1_364' title='bbox 895 2618 958 2652; x_wconf 90' lang='lat' dir='ltr'><strong>des</strong></span> <span class='ocrx_word' id='word_1_365' title='bbox 985 2618 1081 2653; x_wconf 81' lang='lat' dir='ltr'><strong>Ida.“</strong></span> <span class='ocrx_word' id='word_1_366' title='bbox 1127 2620 1191 2654; x_wconf 91' lang='lat' dir='ltr'><strong>sed</strong></span> <span class='ocrx_word' id='word_1_367' title='bbox 1222 2619 1346 2654; x_wconf 88' lang='lat' dir='ltr'><strong>oculos</strong></span> <span class='ocrx_word' id='word_1_368' title='bbox 1380 2621 1498 2654; x_wconf 85' lang='lat' dir='ltr'><strong>vertas</strong></span> <span class='ocrx_word' id='word_1_369' title='bbox 1525 2631 1661 2664; x_wconf 83' lang='lat' dir='ltr'><strong>quaeso</strong></span> <span class='ocrx_word' id='word_1_370' title='bbox 1686 2621 1734 2656; x_wconf 83' lang='lat' dir='ltr'><strong>ad</strong></span> <span class='ocrx_word' id='word_1_371' title='bbox 1757 2620 1895 2659; x_wconf 87' lang='lat' dir='ltr'><strong>Phoen.</strong></span> 
     </span>
     <span class='ocr_line' id='line_1_40' title="bbox 332 2666 1896 2719; baseline 0.006 -19"><span class='ocrx_word' id='word_1_372' title='bbox 332 2678 366 2702; x_wconf 87' lang='lat' dir='ltr'><strong>v.</strong></span> <span class='ocrx_word' id='word_1_373' title='bbox 392 2670 453 2701; x_wconf 78' lang='lat'><strong>24.</strong></span> <span class='ocrx_word' id='word_1_374' title='bbox 488 2666 651 2712; x_wconf 86' lang='lat' dir='ltr'><strong>Oedipus</strong></span> <span class='ocrx_word' id='word_1_375' title='bbox 684 2680 909 2714; x_wconf 81' lang='lat' dir='ltr'><strong>quamquam</strong></span> <span class='ocrx_word' id='word_1_376' title='bbox 940 2671 979 2705; x_wconf 91' lang='lat' dir='ltr'><strong>in</strong></span> <span class='ocrx_word' id='word_1_377' title='bbox 1004 2673 1246 2715; x_wconf 84' lang='grc' dir='ltr'><em>Κιθαιρῶνος</em></span> <span class='ocrx_word' id='word_1_378' title='bbox 1270 2670 1382 2712; x_wconf 81' lang='grc' dir='ltr'><em>λέπας</em></span> <span class='ocrx_word' id='word_1_379' title='bbox 1414 2674 1618 2717; x_wconf 88' lang='lat' dir='ltr'><strong>exponitur,</strong></span> <span class='ocrx_word' id='word_1_380' title='bbox 1651 2674 1850 2719; x_wconf 84' lang='lat' dir='ltr'><strong>suscipitur</strong></span> <span class='ocrx_word' id='word_1_381' title='bbox 1872 2686 1896 2711; x_wconf 82' lang='lat' dir='ltr'><strong>a</strong></span> 
     </span>
     <span class='ocr_line' id='line_1_41' title="bbox 333 2720 1896 2785; baseline 0.006 -32"><span class='ocrx_word' id='word_1_382' title='bbox 333 2720 539 2764; x_wconf 85' lang='lat' dir='ltr'><strong>pastoribus</strong></span> <span class='ocrx_word' id='word_1_383' title='bbox 565 2722 816 2765; x_wconf 84' lang='lat' dir='ltr'><strong>pascentibus:</strong></span> <span class='ocrx_word' id='word_1_384' title='bbox 844 2735 930 2768; x_wconf 87' lang='lat' dir='ltr'><strong>ergo</strong></span> <span class='ocrx_word' id='word_1_385' title='bbox 956 2723 1068 2765; x_wconf 78' lang='grc' dir='ltr'><em>λέπας</em></span> <span class='ocrx_word' id='word_1_386' title='bbox 1093 2725 1275 2785; x_wconf 64' lang='lat' dir='ltr'><strong>significat</strong></span> <span class='ocrx_word' id='word_1_387' title='bbox 1292 2725 1414 2760; x_wconf 89' lang='lat' dir='ltr'><strong>locum</strong></span> <span class='ocrx_word' id='word_1_388' title='bbox 1432 2737 1627 2770; x_wconf 80' lang='lat' dir='ltr'><strong>pascuum3</strong></span> <span class='ocrx_word' id='word_1_389' title='bbox 1653 2726 1766 2768; x_wconf 77' lang='grc' dir='ltr'><em>λέπας</em></span> <span class='ocrx_word' id='word_1_390' title='bbox 1790 2728 1896 2762; x_wconf 79' lang='lat' dir='ltr'><strong>adhi-</strong></span> 
     </span>
     <span class='ocr_line' id='line_1_42' title="bbox 331 2772 1894 2826; baseline 0.006 -19"><span class='ocrx_word' id='word_1_391' title='bbox 331 2772 438 2808; x_wconf 80' lang='lat' dir='ltr'><strong>betur</strong></span> <span class='ocrx_word' id='word_1_392' title='bbox 470 2775 659 2818; x_wconf 83' lang='lat' dir='ltr'><strong>tamquam</strong></span> <span class='ocrx_word' id='word_1_393' title='bbox 685 2786 772 2810; x_wconf 76' lang='lat' dir='ltr'><strong>saxa</strong></span> <span class='ocrx_word' id='word_1_394' title='bbox 797 2776 899 2810; x_wconf 86' lang='lat' dir='ltr'><strong>silvis</strong></span> <span class='ocrx_word' id='word_1_395' title='bbox 926 2777 1046 2813; x_wconf 82' lang='lat' dir='ltr'><strong>obsita</strong></span> <span class='ocrx_word' id='word_1_396' title='bbox 1071 2778 1183 2813; x_wconf 82' lang='lat' dir='ltr'><strong>etiam</strong></span> <span class='ocrx_word' id='word_1_397' title='bbox 1207 2778 1246 2813; x_wconf 91' lang='lat' dir='ltr'><strong>in</strong></span> <span class='ocrx_word' id='word_1_398' title='bbox 1271 2778 1545 2823; x_wconf 81' lang='lat' dir='ltr'><strong>Eurip.1n0nis</strong></span> <span class='ocrx_word' id='word_1_399' title='bbox 1571 2780 1614 2815; x_wconf 82' lang='lat' dir='ltr'><strong>fr.</strong></span> <span class='ocrx_word' id='word_1_400' title='bbox 1640 2784 1727 2815; x_wconf 87' lang='lat'><strong>411:</strong></span> <span class='ocrx_word' id='word_1_401' title='bbox 1761 2787 1894 2826; x_wconf 81' lang='grc' dir='ltr'><em>μικροῦ</em></span> 
     </span>
     <span class='ocr_line' id='line_1_43' title="bbox 332 2825 1894 2874; baseline 0.006 -14"><span class='ocrx_word' id='word_1_402' title='bbox 332 2825 402 2870; x_wconf 80' lang='grc' dir='ltr'><em>γὰρ</em></span> <span class='ocrx_word' id='word_1_403' title='bbox 429 2826 469 2861; x_wconf 79' lang='grc' dir='ltr'><strong>ἐκ</strong></span> <span class='ocrx_word' id='word_1_404' title='bbox 494 2828 703 2872; x_wconf 72' lang='grc' dir='ltr'><em>λαμπτῆρος</em></span> <span class='ocrx_word' id='word_1_405' title='bbox 722 2826 864 2864; x_wconf 83' lang='grc' dir='ltr'><em>Ἰδαῖον</em></span> <span class='ocrx_word' id='word_1_406' title='bbox 890 2830 1002 2870; x_wconf 82' lang='grc' dir='ltr'><em>λέπας</em></span> <span class='ocrx_word' id='word_1_407' title='bbox 1026 2830 1200 2874; x_wconf 82' lang='grc' dir='ltr'><em>πρήσειεν</em></span> <span class='ocrx_word' id='word_1_408' title='bbox 1226 2831 1274 2866; x_wconf 77' lang='grc' dir='ltr'><strong>ἄν</strong></span> <span class='ocrx_word' id='word_1_409' title='bbox 1299 2845 1354 2873; x_wconf 86' lang='grc' dir='ltr'><em>τις</em></span> <span class='ocrx_word' id='word_1_410' title='bbox 1379 2834 1416 2867; x_wconf 85' lang='lat' dir='ltr'><strong>et</strong></span> <span class='ocrx_word' id='word_1_411' title='bbox 1439 2832 1478 2867; x_wconf 84' lang='lat' dir='ltr'><strong>in</strong></span> <span class='ocrx_word' id='word_1_412' title='bbox 1503 2832 1633 2870; x_wconf 86' lang='lat' dir='ltr'><strong>Bacch.</strong></span> <span class='ocrx_word' id='word_1_413' title='bbox 1659 2845 1693 2870; x_wconf 86' lang='lat' dir='ltr'><strong>v.</strong></span> <span class='ocrx_word' id='word_1_414' title='bbox 1717 2837 1800 2869; x_wconf 80' lang='lat'>751:</span> <span class='ocrx_word' id='word_1_415' title='bbox 1827 2838 1894 2871; x_wconf 78' lang='lat' dir='ltr'><strong>Kt-</strong></span> 
     </span>
     <span class='ocr_line' id='line_1_44' title="bbox 332 2879 1542 2932; baseline 0.006 -19"><span class='ocrx_word' id='word_1_416' title='bbox 332 2880 523 2922; x_wconf 83' lang='grc' dir='ltr'><em>θαιρῶνος</em></span> <span class='ocrx_word' id='word_1_417' title='bbox 547 2879 659 2921; x_wconf 74' lang='grc' dir='ltr'><em>λέπας</em></span> <span class='ocrx_word' id='word_1_418' title='bbox 682 2882 940 2928; x_wconf 81' lang='grc' dir='ltr'><em>κατῳκήκασιν</em></span> <span class='ocrx_word' id='word_1_419' title='bbox 966 2885 1066 2928; x_wconf 80' lang='lat' dir='ltr'><strong>(saxa</strong></span> <span class='ocrx_word' id='word_1_420' title='bbox 1089 2885 1190 2919; x_wconf 78' lang='lat' dir='ltr'><strong>nuda</strong></span> <span class='ocrx_word' id='word_1_421' title='bbox 1213 2895 1286 2920; x_wconf 92' lang='lat' dir='ltr'><strong>non</strong></span> <span class='ocrx_word' id='word_1_422' title='bbox 1312 2885 1542 2932; x_wconf 90' lang='lat' dir='ltr'><strong>incoluntur).</strong></span> 
     </span>
    </p>
   </div>
  </div>
 </body>
</html>
