2106 3320
975 127 1268 169 -83-

340 253 503 292 Avestae
531 250 789 291 carminibus:
815 250 884 289 ubi
905 248 1089 301 equidem
1110 248 1209 287 nihil
1229 249 1388 300 repperi
1408 250 1503 288 satis
1521 245 1773 305 probabile.¹)
1801 250 1909 302 atqui

343 318 439 369 quin
453 316 580 356 Hdtus
601 316 813 367 orationes,
834 326 931 366 quas
952 313 999 352 ad
1019 313 1204 353 historias
1219 312 1664 366 illustrandasinseruit,
1685 326 1755 354 sua
1769 320 1909 367 sponte

340 383 607 434 composuerit
639 388 677 420 et
709 380 759 419 ad
792 392 927 419 rerum
961 378 1215 418 condiciones
1247 379 1418 434 finxerit,
1454 378 1626 418 dubitari
1655 391 1734 419 non
1766 384 1907 432 potest-

339 459 460 500 quare
497 448 644 499 optime
670 445 917 496 intellegitur
941 445 1176 483 historicum
1203 456 1358 496 quoque
1385 443 1433 483 ad
1460 443 1607 483 dictum
1631 443 1909 496 Delphicorum

341 513 549 565 refugisse,
576 524 675 563 quos
701 516 846 562 quanta
871 509 1110 549 verecundia
1138 509 1316 561 coluerit,
1342 514 1480 548 notum
1506 505 1616 564 est.²)

399 578 476 618 Sed
509 581 632 617 restat
664 577 938 615 testimonium
969 575 1209 626 Philostrati,
1245 575 1313 626 qui
1345 574 1503 614 exhibet
1533 575 1575 614 in
1607 576 1685 614 vita
1715 573 1911 627 Apollonii

340 639 469 699 (320):
506 641 532 695 ἡ
566 646 620 695 γῆ
654 639 707 682 οὐ
741 638 977 693 ξυνεχώρει
1009 637 1160 687 αὐτοῖς
1196 635 1240 694 (i.
1274 651 1307 679 e.
1341 641 1408 691 qui
1440 651 1575 691 regem
1605 636 1909 695 interfecerant)

339 707 610 748 ἵστασθαι’
636 706 718 759 τήν
742 719 789 746 τε
814 704 897 758 γὰρ
926 703 1110 758 σποράν,
1142 702 1199 756 ἣν
1225 697 1269 752 ἐς
1295 702 1435 757 αὐτὴν
1459 701 1709 758 ἐποιοῦντο,
1733 701 1842 759 πρὶν
1867 703 1911 753 ἐς

339 772 540 814 κάλυκα
565 771 688 824 ἥκειν
713 767 912 823 ἔφθειρε,
937 769 1042 818 τούς
1066 782 1113 810 τε
1138 775 1228 810 τῶν
1246 774 1473 823 γυναικῶν
1496 770 1685 818 τόκους
1709 767 1911 818 ἀτελεῖς

342 837 479 879 ἐποίει
505 836 577 878 καὶ
603 836 680 885 τὰς
705 833 894 889 ἀγέλας
918 841 1124 888 πονηρῶς
1148 831 1316 887 ἔβοσκε.
1352 837 1524 888 scriptor
1548 835 1708 888 quidem
1729 848 1777 876 ex
1796 835 1910 875 Lem-

341 918 391 944 no
423 904 552 944 insula
584 908 694 942 ortus
727 907 767 942 et
797 902 866 954 qui
898 900 1089 940 iudicium
1121 900 1211 940 tulit
1243 901 1290 940 de
1321 901 1516 941 Aeschine
1554 899 1640 955 (vit.
1673 901 1782 953 soph.
1810 897 1911 956 113),

343 972 437 1010 satis
469 968 648 1020 habebat,
680 967 785 1008 unde
818 971 1002 1006 nosceret
1027 966 1134 1006 illam
1154 966 1380 1020 formulam3
1413 971 1583 1006 attamen
1608 965 1795 1006 vocabula
1819 978 1910 1018 pro-

341 1037 430 1088 pius
457 1034 650 1074 accedunt
682 1033 731 1073 ad
750 1044 888 1072 versus
916 1031 1167 1084 Sophocleos,
1193 1044 1310 1083 quam
1335 1037 1381 1071 ut
1404 1031 1656 1072 necessitudo
1687 1033 1812 1084 possit
1842 1043 1910 1071 ne-

341 1102 425 1153 gari
451 1102 556 1139 inter
580 1100 775 1150 tragicum
802 1104 841 1138 et
865 1098 1100 1137 historicum
1128 1102 1440 1137 commentorum
1467 1093 1766 1152 appetentem.·’')

403 1217 437 1260 1)
465 1216 589 1250 contra
607 1214 647 1248 in
667 1213 777 1248 sacris
797 1212 1027 1254 Iudaeorum,
1054 1213 1118 1256 qui
1138 1212 1218 1247 iure
1236 1213 1412 1246 vocantur
1431 1213 1519 1254 „das
1539 1211 1637 1247 Volk
1655 1212 1720 1247 der
1737 1211 1914 1254 Fliiche“‚

342 1269 486 1313 scriptis
511 1268 584 1303 tale
611 1267 702 1312 quid
726 1267 837 1308 inest;
864 1265 966 1300 velut
983 1265 1073 1301 Mos.
1094 1265 1128 1301 V
1147 1269 1215 1312 284
1235 1265 1348 1300 verba
1367 1267 1452 1300 sunt
1469 1265 1574 1300 haec:
1603 1264 1847 1311 τεὐλογημένοι
1864 1264 1912 1300 τὰ

342 1323 479 1369 ἔκγονα
510 1326 577 1366 τῆς
609 1318 752 1360 κοιλίας
788 1330 854 1355 σου
886 1319 950 1354 καὶ
982 1318 1029 1354 τὰ·
1060 1318 1273 1365 γεννήματα
1298 1323 1365 1363 τῆς
1389 1323 1455 1364 γῆς
1481 1329 1546 1353 σου
1572 1319 1637 1354 καὶ
1661 1317 1708 1354 τὰ
1732 1316 1910 1365 βουκόλια

341 1382 416 1412 τῶν
447 1376 547 1421 βοῶν
579 1385 646 1409 σου
672 1373 737 1408 καὶ
761 1371 808 1407 τὰ
833 1371 991 1417 ποίμνια
1017 1378 1091 1407 τῶν
1115 1371 1315 1419 προβάτων
1342 1384 1407 1407 σου
1433 1373 1491 1418 (cf.
1517 1384 1550 1408 v,
1580 1373 1649 1418 11),
1681 1373 1791 1416 atque
1815 1372 1912 1407 invi-

343 1441 422 1465 cem
446 1429 486 1463 in
513 1427 751 1462 detestatione
776 1426 931 1461 verbosa
955 1437 988 1461 v.
1017 1429 1060 1461 18
1090 1427 1205 1471 (quod
1230 1426 1432 1461 accuratius
1469 1426 1640 1461 definitur
1673 1436 1706 1461 v.
1739 1426 1911 1471 38—42):

341 1480 597 1525 ἐπικατάρατα
621 1479 666 1515 τὰ
695 1480 830 1525 ἔκγονα
855 1485 921 1526 τῆς
946 1477 1089 1519 κοιλίας
1115 1490 1181 1514 σου
1207 1479 1272 1514 καὶ
1296 1478 1343 1514 τὰ
1362 1478 1574 1525 γεννήματα
1592 1484 1658 1524 τῆς
1676 1483 1743 1524 γῆς
1761 1489 1840 1524 σου,
1864 1478 1912 1514 τὰ

342 1533 519 1583 βουκόλια
544 1540 618 1569 τῶν
643 1534 743 1580 βοῶν
770 1544 836 1568 σου
862 1533 927 1567 καὶ
952 1532 999 1567 τὰ
1024 1531 1181 1577 ποίμνια
1206 1538 1279 1568 τῶν
1304 1532 1503 1579 προβάτων
1529 1543 1596 1568 σου
1623 1533 1679 1578 (cf.
1700 1532 1749 1566 IH
1769 1536 1854 1579 261⁶
1871 1543 1911 1575 s..

341 1589 375 1624 V
395 1590 484 1635 71³)·

401 1645 437 1687 2)
464 1643 528 1677 sed
553 1641 667 1676 altera
692 1652 736 1675 ex
760 1642 875 1685 parte,
902 1651 1064 1685 quanam
1089 1651 1199 1675 causa
1223 1640 1395 1685 tragicus,
1420 1641 1462 1675 ut
1484 1640 1554 1675 hoc
1578 1640 1702 1684 ipsum
1725 1640 1766 1674 in
1785 1640 1913 1674 drama

342 1695 569 1731 transtulerit
593 1695 783 1730 interitum
809 1696 958 1729 cunctae
983 1694 1081 1729 vitae
1105 1694 1307 1736 horridum,
1339 1693 1511 1728 inductus
1537 1694 1595 1737 sit,
1627 1694 1657 1728 si
1683 1693 1911 1738 quaerimus;

343 1751 383 1784 in
408 1750 569 1784 mentem
587 1748 689 1783 venit
719 1747 930 1792 pestilentia
960 1747 1042 1790 illa,
1076 1759 1149 1791 qua
1173 1749 1252 1782 tum
1276 1747 1451 1792 temporis
1477 1747 1718 1782 Athenienses
1738 1745 1911 1782 crudelis·

345 1803 435 1837 sime
461 1802 587 1836 afflicti
615 1803 714 1836 sunt:
750 1811 824 1845 qua
849 1812 932 1835 cum
958 1800 1175 1843 calamitate,
1206 1801 1245 1835 ni
1272 1811 1398 1835 omnes
1423 1811 1480 1835 res
1505 1800 1648 1843 fallunt,
1680 1802 1778 1836 certa
1801 1810 1911 1845 quae-

345 1857 430 1890 dam
455 1855 546 1890 ratio
573 1855 652 1889 iure
678 1854 919 1889 constituitur.
952 1856 990 1888 at
1013 1853 1092 1888 lues
1119 1855 1155 1888 et
1179 1854 1325 1888 devotio
1351 1853 1417 1888 illa
1441 1854 1571 1888 acriter
1596 1856 1680 1888 sunt
1705 1854 1912 1888 discernen-

346 1910 431 1943 dae:
457 1909 570 1943 immo
595 1908 732 1942 mirum
758 1909 822 1950 est,
850 1908 951 1951 quod
971 1907 1079 1951 Soph.
1101 1906 1227 1941 ambas
1247 1919 1316 1949 res,
1337 1918 1431 1951 quae
1451 1907 1482 1941 si
1501 1917 1574 1941 non
1593 1907 1742 1951 proprie
1760 1907 1855 1942 inter
1874 1917 1913 1942 se

346 1962 537 2007 oppositae
564 1962 638 1996 sint
662 1961 870 2006 [detestatio
897 1961 996 1995 enim
1021 1960 1088 1995 illa
1111 1961 1151 1994 in
1177 1971 1231 2002 eo,
1258 1962 1299 1995 ut
1317 1960 1426 2005 culpa
1444 1961 1637 1995 obstrictus
1665 1960 1833 1995 ‘ultimus
1853 1971 1912 1995 su-

346 2027 448 2056 orum
475 2015 665 2051 moriatur’
695 2014 781 2059 (CIL
800 2014 849 2050 VI
869 2018 913 2049 29
923 2014 1121 2059 Μίδα-1)),
1147 2014 1268 2058 posita
1292 2013 1373 2060 est],
1405 2016 1500 2048 certe
1524 2024 1599 2048 non
1623 2013 1738 2049 altera
1761 2013 1913 2049 alteram

346 2069 565 2111 contineant,
596 2068 635 2102 in
668 2080 784 2102 unum
816 2068 1014 2103 coniunxit.
1052 2088 1096 2093 —
1132 2078 1243 2111 quam
1275 2067 1321 2101 ob
1354 2073 1501 2102 ‘causam
1532 2067 1774 2102 nihilominus
1799 2067 1911 2112 tragi-

347 2134 430 2157 cum
456 2122 652 2157 offendisse
679 2122 906 2156 contenderit
931 2121 1119 2165 quispiam
1144 2121 1183 2155 in
1208 2120 1274 2154 illa
1298 2119 1387 2154 Hdti
1411 2120 1629 2163 narratione,
1655 2130 1767 2164 quam
1792 2120 1911 2164 ipsam

347 2187 430 2210 eum
456 2176 634 2210 memoria
658 2175 820 2209 tenuisse
844 2174 977 2219 probat
1001 2174 1167 2209 eiusdem
1191 2173 1403 2219 tragoediae
1421 2173 1669 2217 historiaeque
1687 2185 1758 2208 vox
1776 2172 1912 2218 Μάγος

345 2231 391 2273 (v.
421 2232 504 2264 387:
531 2228 581 2262 III
608 2231 650 2262 61
667 2229 739 2273 ss),
766 2228 933 2272 quamvis
961 2230 996 2262 et
1022 2227 1131 2272 Soph.
1153 2229 1189 2263 et
1207 2227 1325 2262 Hdtus
1346 2228 1444 2262 unde
1463 2227 1608 2262 devotio
1626 2227 1790 2271 profecta
1807 2228 1911 2269 esset,

346 2283 446 2317 haud.
477 2282 697 2327 ignorarent.
736 2282 805 2316 hac
835 2282 950 2326 igitur
980 2281 1120 2315 ratione
1151 2280 1266 2316 altera
1290 2291 1437 2325 quoque
1462 2280 1628 2324 quaestio
1654 2279 1818 2322 solvitur,
1850 2291 1913 2315 cur

347 2335 504 2370 formula
522 2335 702 2379 Delphica
726 2335 911 2370 influxerit
935 2335 975 2369 in
998 2334 1094 2369 hanc
1118 2333 1283 2369 fabulam
1302 2334 1520 2379 gravissima
1538 2332 1722 2378 Apollinis
1741 2333 1912 2378 Delphici

348 2389 560 2424 auctoritate
592 2389 807 2433 praeditam.
841 2409 885 2414 —
922 2389 1046 2423 contra
1075 2398 1223 2432 prorsus
1248 2387 1442 2422 refutanda
1466 2388 1520 2421 est
1543 2386 1802 2432 Nieberdingii
1828 2397 1911 2422 con-

348 2443 495 2485 iectura,
523 2442 587 2486 qui
608 2444 656 2487 (p.
680 2443 737 2487 15)
758 2442 846 2477 Oed.
872 2442 914 2477 R.
936 2453 969 2477 v,
991 2445 1052 2476 21:
1079 2439 1139 2477 ἐπ’
1166 2438 1338 2486 Ἰσμηνοῦ
1357 2453 1395 2476 τε
1414 2439 1569 2489 μαντείᾳ
1590 2442 1716 2488 σποδῷ
1737 2441 1913 2485 scriptum

348 2506 426 2530 esse
462 2496 646 2530 existimat
678 2496 774 2538 ideo,
815 2496 914 2539 quod
946 2495 1064 2529 Hdtus
1101 2494 1350 2539 compluribus
1381 2493 1470 2528 locis
1506 2493 1534 2538 (I
1561 2497 1615 2530 52.
1644 2497 1687 2528 92
1713 2493 1746 2528 V
1772 2498 1910 2528 59--61

347 2548 429 2583 VIII
451 2550 531 2592 134)
557 2549 656 2583 idem
683 2548 871 2584 oraculum
896 2549 1125 2592 eandemque
1150 2547 1374 2583 vaticinandi
1399 2547 1578 2582 rationem
1603 2547 1911 2582 commemorarit:

347 2602 519 2636 nimirum
548 2602 697 2637 aliunde
724 2613 870 2646 quoque
895 2602 1100 2636 vicinorum
1124 2602 1292 2636 instituta
1316 2600 1600 2635 Atheniensibus
1626 2601 1912 2637 innotescebant.

350 2667 458 2699 quam
492 2656 743 2699 quaestionem
775 2657 815 2689 ut
846 2655 1044 2697 absolvem,
1077 2655 1209 2698 adicio,
1241 2655 1316 2689 iam
1342 2665 1386 2689 ex
1409 2653 1560 2689 Pindari
1586 2665 1694 2691 carm.
1721 2655 1762 2689 id
1784 2656 1914 2690 notum

348 2708 461 2742 fuisse
487 2708 604 2751 (Pyth.
632 2708 681 2742 XI
703 2711 740 2742 6:
768 2706 967 2753 Ἰσμήνιον,
994 2708 1141 2753 ἀλαθὴς
1166 2706 1331 2752 μαντίων
1355 2709 1496 2752 θῶκος;
1530 2710 1640 2752 atque
1665 2709 1765 2753 apud.
1789 2709 1914 2753 ipsum

351 2761 567 2805 Sophoclem
586 2762 745 2796 Tiresias
764 2764 864 2797 vates
879 2762 1074 2797 Thebanus
1094 2762 1283 2806 profitetur
1301 2761 1439 2806 (Antig.
1455 2762 1576 2806 1005):
1597 2762 1770 2806 ἐμπύρων
1789 2760 1913 2807 ἐγευό-

348 2827 421 2858 μην
447 2815 599 2859 βωμοῖσι
627 2814 927 2859 παμφλέκτοισιν.

411 2868 445 2912 3)
472 2866 660 2911 Sophoclis
685 2868 822 2902 mentio
848 2868 888 2902 fit
912 2869 974 2904 vit.
1001 2868 1121 2913 Apoll.
1148 2868 1261 2912 Tyan.
1287 2867 1336 2902 III
1358 2871 1400 2903 17
1428 2870 1463 2903 et
1488 2868 1569 2902 VIII
1590 2872 1643 2915 ⁹13.
