2106 3320
1005 158 1301 200 „82—

431 283 507 323 Sed
533 284 565 322 si
592 282 640 322 ad
666 283 792 334 ipsam
814 281 1062 320 devotionem
1083 278 1346 331 aggredimur,
1373 291 1459 318 eam
1480 278 1591 318 valde
1612 278 1823 319 dissentire
1845 291 1937 319 con-

371 349 569 388 stituimus
596 360 616 386 a
643 346 882 398 pervulgata,
909 358 986 398 qua
1010 345 1180 384 malefici
1206 345 1283 396 ipsi
1309 348 1347 383 et
1373 356 1512 383 eorum
1538 356 1636 396 gens
1660 348 1852 396 petuntur
1875 344 1938 384 his

368 413 517 452 verbis:
543 409 678 464 ἐξώλη
707 407 819 451 εἶναι
845 409 918 452 καὶ
944 409 1080 451 αὐτὸν
1105 408 1177 450 καὶ
1203 408 1251 449 τὸ
1278 406 1408 461 γένος
1433 407 1584 461 αὐτοῦ,
1619 410 1733 449 cuius
1760 409 1937 462 exempla

368 484 459 517 sunt
508 476 828 530 innumerabilia3
879 477 977 516 haec
1026 480 1111 515 erat
1160 476 1304 515 usitata
1355 476 1474 514 etiam
1525 474 1629 526 apud
1676 474 1936 515 Athenienses

370 543 640 583 detestationis
673 538 889 597 formula.1)
929 541 1130 581 interdum
1157 541 1367 580 asseritur:
1399 536 1471 580 καὶ
1497 538 1550 579 τὰ
1575 539 1773 593 χρήματα
1798 537 1937 581 αὐτοῦ

370 607 557 660 δημόσια
595 602 755 662 ἔστω.2)
805 608 912 659 atqui
946 606 1061 658 longe
1101 605 1245 645 absunt
1277 605 1396 645 verba
1431 605 1526 645 Oed.
1553 604 1690 657 Regis:
1727 605 1794 645 hic
1831 607 1938 646 enim

369 673 548 712 delentur
574 677 706 724 partes
732 674 922 724 insontes,
949 673 1101 711 fructus
1128 676 1167 711 et
1193 683 1378 723 agrorum
1404 676 1444 710 et
1470 676 1737 711 armentorum
1762 675 1801 711 et
1820 670 1935 711 muli-

366 751 489 790 erum,
522 743 658 777 contra
690 739 798 777 noxii
829 738 906 789 ipsi
937 750 1015 777 non
1047 732 1312 792 tanguntur.³)
1353 736 1423 776 sed
1448 741 1493 776 ut
1517 736 1636 776 huius
1664 736 1936 776 detestationis

369 804 447 842 vim
474 808 590 854 atque
616 804 888 842 auctoritatem
918 807 1025 842 recte
1058 804 1325 854 aestimemus,
1353 801 1427 840 alia
1453 801 1631 853 exempla
1657 802 1937 854 conquiramus

367 881 531 908 necesse
565 864 673 922 est.‘·¹)
714 873 752 907 et
782 869 995 920 puerperia
1027 867 1186 920 quidem
1220 867 1334 906 solito
1360 879 1471 906 more
1498 866 1546 906 ad
1571 867 1833 906 infortunium
1859 872 1936 907 tra-

368 933 517 972 huntur
549 946 569 972 a
601 934 763 972 numine
797 933 927 973 divino
960 938 1076 985 atque
1101 932 1400 984 Eumenidibus,
1433 937 1478 972 ut
1507 932 1936 984 propinquissimorum

367 998 496 1038 scelus
522 994 793 1053 vindicetur.⁵)
832 998 949 1038 latius
984 1003 1141 1038 extenta
1173 999 1304 1037 omina
1337 1003 1375 1037 et
1407 997 1509 1036 bona
1541 1002 1581 1037 et
1612 996 1714 1036 mala
1739 996 1936 1038 Hesiodus

366 1065 545 1103 enuntiat
564 1059 642 1118 (Ἐ.
663 1077 699 1103 κ.
720 1062 757 1116 ἡ.
779 1061 865 1103 232
887 1060 936 1119 s.)
957 1065 1000 1103 in
1026 1063 1178 1103 iudices
1204 1064 1330 1103 iustos
1350 1064 1536 1115 praemia,
1565 1061 1705 1102 damna
1725 1061 1936 1116 superbos3

365 1128 444 1168 illis
470 1141 541 1180 per
567 1141 802 1180 superorum
827 1128 1112 1180 benignitatem
1139 1130 1271 1168 omnia
1296 1133 1480 1168 crescent
1506 1127 1853 1180 augebunturque:

578 1198 692 1233 τοῖσι
719 1191 844 1247 φέρει
870 1189 950 1247 μὲν
977 1198 1081 1246 γαῖα
1106 1193 1251 1233 πολὺν
1276 1192 1377 1245 βίον
1396 1216 1443 1220 -

580 1258 806 1310 εἰροπόκοι
832 1254 969 1306 δ’ὄϊες
994 1259 1175 1311 μαλλοῖς
1200 1258 1589 1312 καταβεβρίθασιν·

579 1323 803 1364 τίκτουσιν
829 1319 876 1363 δὲ
903 1330 1110 1376 γυναῖκες
1138 1321 1309 1364 ἐοικότα
1333 1320 1466 1364 τέκνα
1491 1326 1704 1376 γονεῦσιν

581 1411 626 1416 ——
652 1388 825 1442 καρπὸν
864 1385 911 1429 δὲ
950 1386 1078 1443 φέρει
1112 1388 1317 1441 ζείδωρος
1349 1387 1540 1442 ἄρουρα;
1580 1394 1717 1428 contra
1755 1388 1936 1429 scelestis

365 1455 565 1506 proponit:
1867 1446 1871 1450 ¹

556 1518 685 1570 λιμὸν
711 1516 821 1570 ὁμοῦ
847 1517 920 1559 καὶ
947 1518 1117 1570 λοιμόν·
1145 1517 1521 1572 ἀποφθινύθουσι
1547 1514 1596 1559 δὲ
1621 1518 1732 1559 λαοί.

557 1581 659 1623 οὐδὲ
696 1589 901 1636 γυναῖκες
933 1584 1177 1625 τίκτουσιν·
1211 1582 1458 1636 μινύθουσι
1488 1579 1537 1624 δὲ
1563 1578 1690 1625 οἶκοι.
1740 1583 1936 1636 quomodo

367 1650 442 1687 etsi
472 1650 715 1701 prosperitas
748 1651 868 1689 trium
901 1651 1092 1702 partium:
1125 1656 1164 1689 et
1195 1662 1379 1701 agrorum
1412 1655 1452 1689 et
1476 1661 1642 1702 gregum
1668 1654 1710 1689 et
1731 1649 1936 1690 hominum

367 1713 576 1766 indicatur,
602 1719 734 1753 tamen
761 1715 1005 1766 aliquantum
1032 1715 1144 1754 abest
1171 1715 1218 1754 ab
1244 1717 1319 1754 ista
1347 1715 1566 1755 devotionis
1592 1710 1811 1770 formula.⁶)

428 1778 505 1818 Sed
537 1784 783 1819 transeamus
817 1780 864 1819 ad
896 1782 1026 1832 ipsum
1051 1780 1212 1831 Hdtum,
1243 1779 1313 1819 ubi
1344 1793 1489 1832 aequas
1522 1780 1688 1819 diversis
1720 1780 1817 1820 locis
1844 1793 1935 1820 con-

369 1843 544 1883 diciones
570 1845 804 1883 invenimus.
843 1846 1015 1896 primum
1037 1844 1334 1884 consideramus
1355 1845 1401 1884 VI
1425 1842 1521 1896 139,
1547 1858 1625 1897 quo
1645 1845 1875 1886 inducimur
1893 1846 1936 1886 in

369 1907 519 1947 fabulas
546 1908 593 1947 de
619 1908 792 1960 Pelasgis
825 1909 1006 1949 traditas:
1039 1909 1193 1961 Pelasgi
1224 1911 1329 1949 enim
1363 1922 1408 1949 ex
1437 1910 1563 1949 Attica
1589 1912 1630 1949 in
1657 1910 1850 1951 Lemnum
1876 1912 1935 1951 in-

369 1972 494 2012 sulam
528 1973 681 2025 depulsi
712 1979 756 2013 ut
793 1974 1101 2026 ulciscerentur,
1133 1974 1433 2014 Atheniensium
1471 1974 1661 2014 mulieres
1700 1981 1935 2030 rapuerunt;

369 2043 568 2090 raptarum
602 2040 725 2090 geniti
757 2052 847 2078 cum
879 2041 920 2078 in
953 2052 999 2078 eo
1033 2045 1149 2091 esset,
1181 2043 1226 2078 ut
1250 2039 1471 2091 periculum
1497 2040 1705 2092 inferrent,
1737 2053 1818 2080 una
1844 2053 1934 2081 cum

431 2148 462 2191 1)
490 2147 528 2182 E.
551 2147 729 2190 Ziebamth,
759 2148 838 2182 ‘der
864 2147 978 2182 Fluch
1004 2149 1055 2182 im
1081 2148 1215 2192 griech.
1242 2148 1385 2191 Recht’,
1411 2148 1532 2184 Herm.
1555 2151 1599 2183 30
1620 2149 1741 2195 (1895)
1766 2160 1801 2193 p.
1824 2153 1879 2184 61.

427 2201 461 2244 2)
487 2200 588 2234 velut
611 2200 749 2236 Andoc.
777 2202 822 2235 de
847 2203 993 2244 myster.
1021 2205 1040 2243 ξ
1062 2204 1117 2236 96.

427 2254 461 2297 3)
488 2264 573 2298 ergo
601 2264 643 2288 ea
669 2254 859 2289 detestatio
885 2256 1038 2299 apparet
1062 2255 1242 2289 crudelior
1266 2257 1377 2299 atque
1402 2255 1529 2298 acrior,
1556 2266 1650 2299 quae
1670 2257 1792 2290 tamen
1810 2255 1934 2300 potius

367 2317 478 2349 quam
503 2307 660 2341 formula
684 2307 769 2342 trita
794 2308 940 2352 delegat
964 2308 1011 2342 ad
1031 2308 1147 2342 scelus
1168 2308 1407 2352 expiandum:
1435 2309 1535 2352 quod
1553 2308 1711 2352 pertinet
1728 2309 1777 2343 ad.
1795 2307 1935 2342 cultum

367 2359 560 2403 Apollinis.

427 2414 461 2456 4)
487 2424 606 2456 neque
632 2424 716 2448 vero
749 2414 856 2448 nobis
889 2415 928 2448 in
960 2415 1082 2450 animo
1116 2417 1171 2450 est
1200 2414 1329 2450 afferre
1361 2416 1485 2450 omnia
1516 2415 1685 2460 exempla.
1710 2415 1846 2460 quibus
1872 2417 1936 2450 aut

368 2465 591 2500 salubritatis
624 2467 844 2502 domesticae
875 2468 983 2502 ruina
1012 2468 1187 2512 pestifera,
1218 2470 1282 2503 aut
1306 2479 1380 2503 una
1404 2469 1504 2503 illius
1531 2469 1737 2504 devotionis
1762 2479 1847 2514 pars
1873 2479 1933 2503 ex-

366 2518 544 2554 hibeatur.
589 2520 689 2554 velut
713 2520 909 2555 mulierum
934 2522 1080 2555 abortus
1107 2522 1331 2565 ubicumque
1358 2522 1586 2565 quibuslibet
1609 2522 1743 2557 finibus
1769 2521 1934 2567 impositi

367 2571 449 2613 sint,
484 2583 695 2607 enumerare
721 2576 756 2607 et
780 2573 932 2619 longum
958 2576 1013 2609 est
1038 2577 1073 2609 et
1096 2575 1234 2609 nullius
1259 2575 1335 2610 fere
1361 2575 1399 2608 in
1424 2575 1518 2609 hanc
1544 2576 1824 2619 inquisitionem
1849 2585 1932 2610 auc-

366 2625 533 2667 toritatis,
561 2626 735 2669 quoniam
762 2627 974 2662 coniunctae
1000 2629 1071 2662 tres
1097 2628 1182 2662 illae
1207 2630 1328 2672 partes
1355 2629 1495 2663 faciunt
1520 2629 1727 2664 discrimen.

428 2680 461 2722 5)
489 2690 542 2713 eit.
563 2691 615 2723 gr.
637 2679 748 2714 affero
780 2680 972 2715 Phoenicis
1004 2681 1168 2716 fabulam
1201 2681 1254 2726 (ll.
1275 2681 1392 2726 1465)
1418 2682 1544 2716 liberis
1577 2683 1732 2717 carentis
1759 2682 1816 2728 (cf.
1837 2682 1932 2727 Apd.

368 2729 542 2766 Biblioth.
563 2731 613 2766 III
633 2736 676 2767 35
698 2732 774 2774 W.;
802 2732 909 2777 Diog.
931 2733 1047 2769 Laert.
1070 2736 1153 2781 870).

429 2786 462 2829 6)
489 2786 591 2828 atqui
622 2786 723 2820 haud
754 2787 857 2830 parvi
883 2787 992 2830 pretii
1017 2787 1125 2821 nobis
1152 2789 1207 2822 est
1231 2787 1262 2821 is
1287 2790 1399 2832 poeta
1423 2788 1594 2824 Boeotius
1622 2790 1657 2823 et
1682 2788 1796 2824 cultui
1820 2787 1932 2833 Apol-

367 2837 453 2871 linis
480 2838 640 2872 deditus:
667 2839 726 2873 vel
751 2839 789 2873 in
815 2840 935 2883 ipsam
959 2840 1126 2885 linguam
1145 2840 1366 2876 Hesiodeam
1391 2841 1549 2876 valuisse
1575 2842 1827 2877 auctoritatem
1845 2841 1932 2876 Am-

367 2889 607 2934 phictyonum
632 2891 894 2935 Delphicorum
921 2892 1184 2928 existimarunt.
