2106 3320
855 138 1153 182 -53-

209 257 300 301 ¹huz
327 254 417 314 ἴδῃ
444 254 519 314 ss.)
528 254 575 314 ¹).
626 260 680 300 ita
711 261 831 301 etiam
863 258 943 301 τὸν
966 257 1203 314 Ἀστυάγεα
1234 258 1352 315 ἐσήιε
1377 258 1629 315 ἀνάγνωσις
1653 260 1795 304 αὐτοῦ

213 318 356 380 (ndu
369 319 487 379 116).
530 330 571 365 et
583 323 763 366 Wentzel
775 324 856 366 buc
878 324 1116 367 trahendum
1135 337 1226 367 esse
1244 327 1417 368 coniecit
1440 326 1515 380 (τε.
1532 325 1667 381 adeep.
1685 325 1792 369 286:

213 399 335 431 sonu
357 387 470 430 valde
495 395 715 431 commotos
734 402 822 431 esse
849 402 989 443 magna
1008 392 1115 432 inter
1131 390 1315 433 Paridem
1334 391 1634 446 Priamidasque
1652 392 1792 434 simili·

212 452 363 496 tudine.
388 475 437 484 —
461 456 531 508 qui
555 467 673 496 casus
692 467 828 496 rerum
849 454 1087 497 subsecutus
1110 457 1175 510 sit,
1199 458 1421 498 nescimus:
1450 456 1549 512 quid
1573 458 1609 498 si
1634 459 1792 500 coniec-

210 523 322 561 tores
346 519 445 561 facis
462 519 690 574 prodigium
710 522 892 562 evenisse
912 527 1158 563 censuerunt
1175 534 1236 575 eo,
1260 521 1367 576 quod
1384 522 1499 564 Paris
1516 524 1791 576 gravissimam

210 583 379 626 &atrum
405 584 645 627 discordiam
664 585 924 639 incendisset,
947 593 994 628 ut
1011 587 1103 640 Cyri
1129 599 1296 642 regnum
1322 586 1523 629 ludicrum
1546 589 1791 630 satisfecisse

208 654 373 703 μίαν·
396 652 504 704 regis
529 652 685 693 somnio
711 649 821 707 (Hdt.
847 649 1014 707 1120)?

268 713 352 757 lam
382 722 491 758 retm
525 718 719 758 vertimus
751 719 945 759 animum:
977 730 1095 772 quam
1126 724 1236 760 artae
1267 720 1442 760 rationes
1472 721 1660 760 intersint
1683 721 1791 771 inter

209 779 366 823 Paridis
390 787 432 824 et
455 782 550 836 Cyri
568 782 884 824 adulescentium
906 782 1070 836 fabulas,
1094 785 1362 837 cognovimus.
1387 785 1521 837 itaque
1540 796 1619 825 non
1639 782 1789 837 dubito,

208 848 307 901 quin
325 846 419 889 Hdti
444 850 662 890 auctoritas
686 854 840 890 tantum
867 849 1047 901 valuerit,
1071 854 1117 890 ut
1135 848 1291 890 Paridis
1316 850 1419 892 sama
1443 848 1493 890 ad
1518 849 1629 890 illius
1653 861 1787 891 exem·

207 911 298 967 plat
318 919 627 968 permutaretur.
677 913 749 955 sed
773 915 809 955 si
835 915 1077 968 quaerimus,
1110 926 1184 955 cur
1208 914 1326 968 Soph.
1352 914 1446 967 Cyri
1475 914 1786 956 adulescentiam

207 978 470 1021 transfuderit
493 980 536 1021 in
555 979 760 1021 Paridem:
785 979 1041 1021 condiciones
1065 986 1181 1021 erant
1198 992 1328 1033 pares,
1352 985 1522 1035 uterque
1542 986 1628 1021 erat
1651 986 1788 1034 pastor

206 1045 250 1085 in
273 1044 477 1086 montibus
508 1045 558 1086 ab
583 1044 815 1099 aequalibus
846 1046 970 1098 regiis
1000 1044 1193 1097 seclusus,
1226 1051 1395 1099 uterque
1430 1046 1513 1086 sive
1544 1047 1670 1099 patris
1700 1047 1785 1088 sive

206 1110 349 1152 mati-la
371 1115 530 1164 gentem
557 1110 849 1152 calamitatibus
874 1109 1107 1164 excidioque
1132 1110 1361 1151 obrutums.
1387 1112 1517 1164 quinti
1542 1117 1675 1152 autem
1699 1123 1784 1152 sae·

205 1174 288 1216 culi
319 1174 548 1217 homnibus
585 1188 665 1216 non
701 1177 779 1216 iam
813 1176 1072 1230 perspicuum
1107 1181 1204 1228 erat,
1240 1177 1275 1216 si
1310 1175 1513 1229 legitimus
1548 1177 1784 1230 agnitusque

204 1241 312 1294 reas
336 1239 445 1282 illins
468 1253 637 1282 munere
664 1240 904 1294 fungebatur
921 1242 1111 1296 pastoris:
1137 1254 1211 1282 cur
1234 1248 1417 1295 pasceret
1434 1254 1589 1295 greges,
1612 1242 1783 1296 proban·

204 1303 298 1348 hm
323 1312 422 1348 erat.
458 1306 556 1348 baec
582 1311 669 1348 erat
694 1308 859 1348 rationis
885 1306 1079 1360 quaedam
1104 1308 1226 1348 nimia
1252 1308 1411 1348 iactatio
1436 1309 1475 1348 vi
1499 1319 1571 1348 sua
1590 1309 1782 1361 intempe-

203 1376 340 1413 ranter
369 1371 583 1424 abutentis,
618 1385 719 1425 quae
753 1371 1019 1426 respondebat
1049 1372 1098 1413 ad
1130 1371 1396 1413 eruditionem
1428 1373 1509 1414 illis
1535 1373 1782 1427 temporibus

202 1435 322 1478 latius
351 1437 625 1491 propagatam!
677 1439 729 1478 ita
765 1437 951 1491 Sophocli
985 1443 1144 1491 praesto
1177 1444 1263 1478 erat
1294 1438 1385 1491 Cyri
1419 1437 1549 1479 sabula
1581 1437 1629 1478 ab
1655 1439 1783 1479 amico

203 1508 374 1543 narrata.
423 1502 520 1557 quid
545 1505 704 1556 mirum,
730 1502 835 1556 quod
861 1515 908 1544 ea
927 1515 1026 1544 usus
1050 1499 1183 1558 estin)

261 1566 375 1615 Quod
405 1574 608 1609 certamen
645 1567 812 1609 funebre
846 1565 1006 1623 (viginti
1042 1570 1126 1609 l'ere
1156 1570 1272 1609 annis
1303 1575 1393 1622 post
1423 1568 1578 1610 Paridis
1610 1571 1779 1623 expositi

200 1638 370 1674 mortem
390 1632 521 1675 denuo
542 1635 789 1688 institutum)
814 1646 910 1675 num
936 1635 1014 1674 iam
1041 1636 1167 1687 epicis
1186 1633 1434 1688 temporibus
1453 1641 1562 1675 recte
1581 1636 1635 1675 sit
1651 1635 1780 1676 intru-

201 1697 387 1752 dendum,
420 1699 530 1740 valde
566 1699 756 1740 dubitem.
806 1711 898 1740 nam
927 1711 1166 1752 quamquam
1191 1699 1303 1740 illum
1327 1711 1494 1752 morem,
1525 1712 1603 1753 quo
1628 1707 1779 1741 mortu·

199 1775 315 1805 orum
341 1763 428 1806 dies
453 1764 591 1806 fatales
616 1777 689 1818 per
714 1765 862 1806 multos
887 1777 1011 1806 annos
1030 1764 1277 1806 sollemniter
1302 1762 1569 1819 agebantur,³)
1596 1766 1779 1806 novimus

199 1841 248 1870 ex
267 1828 428 1871 Pindari
449 1830 745 1884 Simonidisque
777 1829 1033 1882 carminibus,
1059 1836 1191 1871 tamen
1211 1831 1286 1871 hoc
1305 1830 1392 1871 loco
1412 1830 1548 1883 semel,
1568 1843 1647 1871 non
1666 1829 1778 1872 iden-

199 1893 323 1936 tidem
354 1897 558 1937 institutos
597 1908 686 1937 esse
717 1895 832 1937 ludos
871 1896 969 1937 mibi
1009 1908 1244 1949 persuasum
1281 1902 1342 1936 est
1374 1893 1533 1950 (contra
1568 1894 1777 1937 Wentzelii

198 1958 509 2016 munnam).⁴)
541 1961 615 2002 bac
640 1974 734 2002 vero
753 1961 988 2003 condicione
1016 1961 1081 2002 illa
1101 1974 1244 2002 scaena
1272 1962 1440 2002 artificio
1468 1961 1684 2003 dramatico
1710 1975 1776 2002 ex·

258 2091 293 2134 ι)
317 2088 387 2125 hoc
411 2090 560 2135 egregie
586 2089 757 2125 convenit
781 2099 865 2124 eum
885 2099 930 2124 eo
953 2090 1105 2130 ratione,
1130 2100 1205 2134 qua
1226 2088 1367 2124 Electra
1393 2092 1428 2124 et
1447 2089 1591 2125 Orestes
1618 2089 1713 2124 inter
1736 2099 1777 2124 se

193 2145 408 2189 agnoscunt.

254 2197 291 2241 2)
316 2206 437 2243 noque
462 2208 599 2232 novum
624 2199 887 2242 argumentum
913 2195 1144 2231 introducere
1170 2195 1329 2231 debebat
1354 2195 1522 2230 dubitare
1549 2196 1592 2237 ie.
1624 2195 1688 2241 qui
1715 2195 1776 2232 vel

194 2247 287 2285 mua
313 2249 465 2286 dearum
492 2250 684 2293 iudicium,
710 2260 879 2285 scaenam
899 2248 1186 2291 celeberrimam,
1212 2249 1465 2285 immutaviese
1482 2249 1630 2284 videtur
1653 2249 1692 2284 in
1718 2259 1775 2293 eo,

194 2303 296 2349 quod
322 2303 413 2339 duan
438 2306 581 2339 tantum
602 2303 691 2339 deus
716 2304 764 2339 ad
784 2306 968 2349 pastorem
989 2302 1141 2337 deduxit
1161 2302 1418 2338 diiudicandae
1438 2302 1553 2348 (quod
1566 2303 1774 2348 suspicatus

193 2357 251 2392 ent
272 2355 462 2403 Stephani.
487 2356 775 2403 compte-reuda
805 2359 913 2404 1863,
935 2367 994 2398 sa..
1020 2359 1079 2404 Ι,).
1124 2360 1160 2392 et
1185 2360 1367 2392 certamen
1386 2356 1601 2401 gymnicum
1626 2367 1669 2391 ac
1692 2367 1773 2391 cur-

194 2419 277 2445 sum
307 2409 519 2456 Sophoclea,
558 2411 767 2456 gladiorum
806 2421 1066 2455 armorumque
1097 2409 1245 2445 artificia
1279 2409 1387 2450 filius.
1424 2409 1627 2445 inseruerat
1660 2410 1774 2445 etiam

193 2461 358 2499 mecine
382 2464 594 2511 tragoediae
628 2465 716 2511 [quo
749 2464 794 2499 de
828 2464 976 2499 invento
1008 2463 1054 2498 ad
1080 2463 1229 2499 Homeri
1263 2462 1316 2507 (n.
1342 2466 1437 2511 ‘mm
1469 2465 1530 2507 u.)
1562 2462 1773 2508 exemplum

192 2517 395 2562 eampo-ito
421 2517 499 2563 egit
523 2518 566 2554 Δ.
591 2517 727 2554 uartin
753 2516 957 2563 (Melangoe
982 2515 1082 2552 Weil
1109 2519 1200 2552 isse
1226 2528 1262 2562 p.
1283 2516 1489 2563 ers-sm.

253 2572 288 2617 ⁸)
314 2571 361 2607 de
384 2570 455 2607 boc
478 2571 650 2607 ludorum
678 2570 915 2607 sollemnium
941 2581 1011 2605 usu
1030 2570 1075 2606 cf.
1095 2569 1135 2605 Ε.
1155 2569 1374 2611 Gosemann.
1401 2572 1557 2615 quaesit.
1576 2570 1624 2605 ad
1643 2568 1770 2605 Graec.

190 2627 280 2661 ortt.
306 2624 450 2662 runobr.
476 2625 632 2662 sormam
663 2625 809 2671 pertin..
836 2625 925 2661 dise.
954 2627 1045 2660 1908
1070 2635 1107 2669 p.
1136 2627 1179 2659 18
1199 2635 1246 2660 se.
1279 2624 1343 2668 qui
1375 2622 1454 2658 ludi
1482 2623 1663 2669 imprimis
1688 2628 1772 2663 ταῖς

190 2675 356 2720 κίσταις
378 2677 636 2721 offerebantur.
668 2679 713 2714 cs.
739 2678 915 2720 Jurenka,
935 2676 1066 2714 PhiloL
1087 2680 1129 2713 ⁷1
1151 2679 1271 2721 (1912)
1293 2688 1328 2722 p.
1351 2680 1429 2712 1⁷5.
1457 2696 1501 2704 —-
1527 2676 1679 2712 fortasse
1698 2675 1772 2710 buc

188 2730 409 2768 habndum
428 2734 484 2768 eat
508 2731 729 2768 vocabulum
754 2729 930 2776 Ἐφέσιια
956 2731 1011 2774 (fr.
1038 2733 1115 2774 98):
1142 2741 1272 2766 revoco
1298 2730 1344 2765 sd
1366 2728 1533 2774 Έφέσηα
1559 2729 1604 2764 τὰ
1630 2728 1771 2775 μεγάλα

189 2784 270 2822 die·
293 2784 416 2828 sentos.
441 2786 487 2822 cf.
507 2784 701 2831 Pauly-W.
728 2797 762 2821 v.
790 2784 954 2830 Epheso·
980 2796 1017 2830 p.
1042 2787 1183 2831 2805„.

251 2839 289 2884 4)
313 2848 409 2884 quae
433 2849 491 2875 ree
522 2839 673 2875 fort-aee
705 2838 911 2875 confirmari
944 2841 1065 2885 potent
1088 2837 1227 2884 Hygini
1253 2837 1326 2873 ab.
1352 2840 1434 2877 πε.
1466 2847 1541 2882 qua
1565 2836 1630 2882 qui
1656 2835 1767 2881 pn'mi

188 2892 296 2929 ludo·
320 2891 483 2935 beamine,
507 2895 783 2929 enumerantur:
821 2893 915 2927 inter
946 2902 1008 2927 eoa
1038 2890 1146 2927 ludo·
1171 2890 1344 2927 Priamu-
1376 2890 1506 2926 fociae
1537 2891 1704 2925 amatur
1729 2889 1769 2924 iu
