2106 3320
838 91 1130 135 -95-

198 211 353 273 rnm⁸)2
370 216 449 272 qui.
466 213 679 256 residuum
690 226 780 254 esse
804 215 1058 266 suspicantur
1078 213 1231 266 antiqui
1250 213 1353 252 iuris
1373 212 1556 252 materni.
1590 223 1665 251 nec
1687 223 1780 251 con·

197 281 365 323 uni-ium
393 286 466 333 est,
490 279 596 334 quod
620 279 683 320 his
715 278 961 332 temporibus
993 277 1219 331 complures
1251 277 1405 318 fabulae
1439 289 1487 317 ex
1520 276 1660 317 eodem
1686 276 1775 316 fun-

199 345 383 388 damento
408 350 635 386 exstructae
661 350 755 386 sunt
780 339 1019 398 collectae.¹)

263 417 350 472 lpsa
377 419 483 458 enim
509 417 744 470 compositio
769 417 940 468 concisa,
965 428 1066 469 quae
1080 418 1138 456 eis
1158 416 1301 457 sabulis
1326 416 1504 464 offertur,
1530 416 1782 468 significatur

198 484 469 537 inexspectata
501 487 542 523 et
573 487 736 535 propter
766 487 952 522 eventum
985 481 1162 534 loquenti
1195 481 1351 522 felicem
1377 481 1565 522 inaudita.
1598 483 1781 534 sequitur

198 560 318 604 quam
337 549 562 590 certissime
582 549 659 588 iam
681 560 766 588 eam
789 546 839 587 ob
861 560 1035 600 causam,
1053 553 1097 588 ut
1116 553 1245 588 artum
1265 549 1372 587 inter
1385 547 1591 600 Sophoclis
1604 546 1778 600 Hdtique

203 615 453 656 mmuoues
484 613 684 654 vinculum
717 614 772 653 sit
801 613 1138 653 constituendum.
1170 619 1208 654 at
1234 626 1483 666 quaeramus,
1519 626 1614 654 num
1641 626 1779 654 revera

199 678 322 734 Soph.
347 691 433 720 rem
458 679 638 720 hauserit
663 691 709 719 ex
737 678 940 719 historico.
973 691 1019 719 ac
1043 679 1222 732 prolecto
1253 681 1331 720 iam
1363 681 1470 719 inter
1500 684 1656 719 veteres
1688 691 1778 731 cog-

198 746 309 787 novit
339 741 488 800 (quoad
526 746 676 785 scimus
708 740 882 800 primus)
914 743 1098 784 Clemens
1130 744 1420 785 Alexandrinus
1458 744 1481 784 l.
1503 744 1526 784 l.
1564 750 1779 797 utrumque

198 811 437 864 scriptorem
461 810 536 851 hac
561 812 603 850 in
629 822 673 850 re
699 811 913 851 convenire
940 815 980 850 et
1005 809 1153 850 Hdtum
1186 811 1318 862 arguit
1343 810 1450 851 furti.
1489 811 1598 863 atqui
1630 809 1724 850 inde
1758 823 1779 850 a

198 875 325 918 Bothe
337 872 419 931 (ed.
433 876 521 916 Ant.
537 872 670 931 1806)
697 874 746 915 ab
771 874 957 915 omnibus
978 876 1059 916 fere
1079 877 1308 928 agnoscitur
1326 888 1405 917 non
1426 875 1661 929 Sophoclem
1688 887 1778 916 esse

199 941 505 984 existimandum
531 942 778 995 primarium.
823 942 987 993 ipsaque
1014 940 1132 981 verba
1158 947 1202 981 ut
1239 941 1486 982 commodius
1523 943 1564 981 in
1596 941 1780 982 Persicae

197 1005 308 1048 illins
332 1005 513 1047 mulieris
532 1005 806 1046 condicionem
821 1019 939 1059 quam
963 1007 1003 1046 in
1023 1007 1240 1059 Antigonae
1260 1007 1458 1047 fortunam
1480 1002 1777 1063 conveniunt‚³)

199 1073 255 1114 ita
278 1073 429 1125 tragico
455 1072 636 1112 historici
661 1073 930 1112 narrationem
960 1077 1050 1112 ante
1076 1071 1212 1112 oculos
1237 1072 1360 1112 luisse
1387 1078 1428 1112 et
1453 1072 1540 1113 data
1566 1085 1686 1125 opera
1712 1085 1779 1112 ex-

196 1149 377 1192 pressam
403 1149 493 1178 esse
518 1136 796 1191 comprobant3
829 1142 937 1177 tanta
970 1138 1079 1177 enim
1110 1139 1320 1190 utriusque
1353 1137 1429 1178 loci
1462 1137 1679 1178 similitudo
1706 1143 1779 1190 est,

197 1207 244 1244 nt.
283 1214 364 1244 non
408 1202 605 1256 prodiisse
643 1201 744 1242 alter
781 1215 829 1243 ex
874 1202 998 1243 altero
1042 1215 1121 1243 non
1158 1199 1339 1259 possit.⁴)
1396 1209 1477 1244 tota
1515 1205 1623 1244 enim
1660 1205 1778 1244 istius

196 1267 437 1322 ζητήματος
456 1269 690 1320 compositio
718 1269 866 1308 mirum
891 1274 1083 1321 quantum
1112 1269 1215 1322 apud
1240 1275 1455 1322 utrumque
1483 1271 1698 1323 consentit3
1719 1270 1777 1309 sic

197 1334 373 1388 primum
399 1335 630 1374 enuntiatur
648 1333 860 1374 mulierum
881 1334 1095 1386 professio:
1122 1333 1297 1387 ‘praeter
1316 1340 1470 1375 ceteros
1498 1335 1619 1388 diligo
1645 1340 1684 1375 et
1711 1334 1778 1375 de-

198 1397 482 1452 ligofratrem’.
508 1404 593 1439 tum
607 1400 814 1452 quaeritur
826 1411 962 1440 causa:
981 1399 1082 1440 τίνα
1106 1395 1269 1453 ἔχουσα
1295 1399 1477 1454 γνώμην
1491 1423 1535 1429 -
1549 1399 1630 1441 τὸν
1654 1397 1778 1441 ἀδελ-

199 1463 312 1519 φεὸν
330 1462 467 1506 εἴλευε
487 1470 527 1505 et
540 1465 663 1513 τίνος
681 1463 823 1518 νόμον
844 1462 898 1517 δὴ
917 1468 1056 1506 ταῦτα
1074 1464 1185 1520 πρὸς
1198 1463 1329 1519 χάριν
1354 1462 1529 1520 λέγωςὸ)
1543 1468 1622 1506 iam
1635 1465 1781 1507 clarior

199 1534 261 1571 est
285 1542 516 1581 consensus,
530 1531 565 1570 si
578 1542 727 1582 revera,
741 1530 847 1583 quod
872 1531 1118 1571 contendunt
1137 1530 1287 1583 Kaibel,
1314 1530 1362 1572 de
1376 1531 1494 1584 Soph.
1508 1532 1638 1583 Antig.
1661 1529 1775 1572 1897

198 1608 236 1649 p.
258 1593 283 1635 7
310 1601 351 1636 et
374 1594 513 1636 Reiter
536 1608 573 1648 p.
594 1592 693 1647 976,
726 1592 750 1636 ὁ
775 1595 910 1648 νόμος
929 1596 994 1636 hic
1020 1602 1081 1637 est
1107 1594 1228 1649 ‘quod
1254 1596 1330 1637 sibi
1357 1598 1525 1650 quisque
1551 1597 1776 1638 faciendum

263 1753 298 1797 1)
322 1750 425 1787 velut
448 1751 651 1787 Wmmeri
670 1751 727 1787 Jb.
749 1752 772 1787 f.
794 1751 925 1788 Philol.
949 1757 1028 1788 155.
1070 1756 1160 1788 1897
1186 1765 1221 1799 p.
1245 1756 1403 1796 701-4,
1439 1753 1497 1788 cui
1529 1753 1778 1799 adstipulatur

198 1805 327 1851 aliqua
353 1815 398 1841 ex
422 1806 526 1851 parte
550 1805 582 1840 J.
603 1805 764 1841 Moeller.

259 1866 299 1911 2)
315 1864 419 1901 velut
434 1875 459 1900 a.
475 1864 632 1907 PischeL
651 1864 775 1901 Herm.
796 1869 842 1901 28
855 1878 891 1911 p.
906 1869 1089 1910 465--683
1116 1866 1317 1910 Noeldeke,
1336 1867 1459 1902 Herm.
1482 1870 1527 1902 2⁹
1540 1878 1575 1912 p.
1594 1869 1777 1908 155—563

199 1919 317 1962 Axon,
348 1917 460 1955 Cius.
481 1918 568 1954 Rev.
601 1921 693 1955 1⁹08
718 1931 754 1965 p.
781 1921 868 1962 8873
903 1919 1054 1956 Barnett
1086 1921 1176 1956 ibid.
1209 1933 1244 1966 p.
1273 1923 1341 1956 209
1369 1932 1414 1963 s.;
1449 1920 1574 1956 Ronse
1605 1920 1654 1955 ib.
1685 1924 1776 1955 1904

197 1984 234 2019 p.
248 1975 318 2009 ⁸80
338 1984 385 2015 ..ς
410 1972 454 2008 Κ.
473 1971 588 2016 Prion,
613 1972 681 2008 Rh.
702 1972 750 2008 M.
773 1977 866 2010 1⁹04
884 1985 921 2019 p.
936 1978 1018 2017 210,
1038 1978 1125 2017 2253
1151 1974 1260 2018 Pizzi,
1285 1974 1475 2020 me'langes
1495 1974 1558 2009 Ch.
1580 1975 1626 2009 de
1645 1973 1776 2009 Harlez

199 2028 291 2063 1896
309 2037 346 2072 p.
365 2028 518 2062 sss—7.
557 2026 601 2061 cf.
621 2026 653 2062 J.
675 2026 826 2063 Moeller
843 2038 879 2072 p.
901 2030 981 2075 81„

259 2088 297 2133 8)
320 2086 555 2123 condiciones
569 2098 717 2131 prorsus
743 2087 907 2123 diversas
933 2088 1080 2132 utrique
1106 2089 1252 2123 fabulae
1278 2099 1357 2123 esse
1384 2088 1566 2123 subiectas
1592 2088 1776 2133 imprimis

196 2139 412 2186 pradicant
435 2139 473 2176 P.
494 2139 659 2182 Corssen,
686 2140 746 2175 die
773 2140 897 2186 Antig.
924 2141 988 2176 des
1014 2140 1125 2186 Soph.
1155 2145 1246 2177 1898
1272 2144 1308 2176 et
1332 2142 1365 2177 J.
1384 2141 1536 2177 Moeller
1554 2153 1590 2186 p.
1606 2144 1661 2176 88.

257 2200 293 2246 4)
312 2199 366 2235 its
388 2199 483 2235 bene
503 2199 579 2235 iam
599 2199 693 2235 Wex
718 2200 771 2244 (in
796 2201 961 2247 prolegg.
983 2202 1070 2236 edit.
1091 2201 1106 2235 1
1127 2203 1203 2245 73);
1234 2202 1340 2246 ‘quid
1361 2202 1523 2244 tandem,
1549 2201 1682 2246 inquit,
1711 2203 1778 2244 est,

198 2263 264 2289 our
286 2253 386 2289 dicat
410 2250 471 2288 ἀπ)
500 2252 614 2290 ἄλλον
633 2252 770 2299 φωτός,
796 2265 880 2289 cum
913 2255 943 2289 si
976 2254 1074 2290 filius
1106 2255 1300 2297 interisset,
1336 2265 1409 2290 non
1441 2266 1590 2290 necesse
1616 2258 1704 2298 erat,
1738 2257 1779 2289 ut

198 2309 236 2342 et
259 2306 418 2343 coniunx
443 2307 657 2343 demortuus
682 2310 788 2350 esset,
824 2308 938 2343 immo
971 2310 1115 2354 poterat
1138 2319 1183 2344 ex
1209 2309 1339 2344 eodem
1364 2309 1496 2344 marito
1522 2308 1615 2343 alios
1640 2308 1776 2343 liberos

199 2360 408 2406 suscipere?
442 2371 591 2397 causum
625 2361 720 2397 hanc
752 2373 831 2397 esse
867 2362 1109 2407 suspicamur,
1144 2363 1234 2407 quia
1268 2353 1441 2407 Sophocli
1480 2362 1580 2397 illins
1619 2362 1778 2397 feminae

198 2412 340 2449 Hdtsae
364 2413 574 2459 exemplum
595 2414 829 2451 obversatum
855 2418 921 2458 est,
947 2416 1006 2451 cni
1028 2415 1058 2451 si
1079 2416 1227 2452 fratrem
1253 2416 1461 2461 praeferret,
1487 2427 1561 2451 non
1586 2416 1705 2451 solum
1732 2415 1778 2450 de

198 2466 411 2510 liberorum,
446 2467 511 2502 sed
536 2468 647 2503 simul
673 2470 718 2504 de
745 2469 913 2515 coniugis
940 2470 1079 2505 iactum
1104 2469 1387 2515 periclitandum
1413 2470 1517 2505 erat'.
1554 2470 1653 2514 quod
1679 2469 1778 2505 enim

199 2518 405 2556 remedium
438 2522 612 2567 proponit
642 2522 766 2558 Reiter
797 2534 832 2567 p.
860 2527 941 2566 977,
973 2523 1142 2569 sagacius
1178 2526 1233 2559 est
1267 2534 1379 2568 quam
1406 2523 1543 2558 verius:
1585 2523 1659 2558 ‘bei
1695 2534 1778 2558 aus-

202 2573 471 2610 druck-vollem
497 2574 665 2622 Vortrag,
691 2577 757 2612 der
780 2576 875 2612 nach
901 2582 990 2618 παῖς
1014 2577 1280 2622 entsprechend
1306 2578 1470 2622 pausiert
1502 2597 1544 2603 -
1578 2577 1667 2611 wird
1689 2575 1778 2621 jede

200 2626 506 2673 Zweideutigkeit
528 2628 769 2665 schvinden'.
814 2630 913 2666 weil
938 2630 1040 2674 (Rev.
1067 2631 1131 2666 des
1152 2632 1197 2666 et.
1218 2642 1271 2676 gr.
1294 2634 1313 2666 7
1340 2642 1376 2676 p.
1396 2632 1551 2676 281—6)
1579 2630 1777 2675 intellegit:

199 2680 384 2724 maritum,
409 2682 481 2717 nisi
507 2685 671 2719 mortuus
697 2686 803 2727 esset,
829 2684 1025 2720 defendere
1050 2685 1228 2720 infantem
1256 2684 1438 2720 debuisse.

259 2742 296 2787 ὗ)
321 2740 391 2776 hac
415 2742 632 2786 quaestione
658 2743 696 2778 in
723 2754 760 2779 se
787 2744 906 2789 ipsam
932 2755 1037 2779 versa
1050 2744 1279 2791 comprobari
1307 2744 1453 2779 videtur
1478 2755 1597 2779 sermo
1624 2744 1777 2779 intimus

200 2793 281 2839 (qui
308 2794 442 2830 dicitnr
466 2795 693 2843 μονόλογος),
725 2808 836 2842 quem
869 2797 1058 2843 praedicat
1083 2797 1139 2833 Fr.
1160 2798 1245 2841 Leo,
1272 2798 1337 2834 der
1363 2797 1538 2844 Monolog
1564 2798 1614 2833 im
1641 2797 1778 2834 Drama

199 2845 311 2892 (Gom
333 2846 427 2883 Abin.
450 2851 542 2884 isos
566 2860 602 2895 p.
626 2853 696 2896 ιο).
