2106 3320
963 133 1259 176 —60—

383 259 454 298 His
481 271 527 298 cx
560 258 727 310 Tyronis
754 257 985 308 fragmentis
1019 254 1125 295 aliud
1158 255 1307 307 aliquid
1344 255 1547 308 discimus,
1584 255 1691 308 quod
1721 256 1898 308 pertinet

325 323 373 364 ad
396 335 622 363 novercam:
658 334 829 374 namque
855 321 957 373 Tyro
983 322 1063 361 iam
1088 325 1178 360 ante
1214 332 1471 372 congressum
1506 333 1596 361 cum
1627 320 1779 374 Enipeo
1813 322 1897 362 sive

330 388 512 442 Neptuno
538 388 685 427 sactum
711 399 733 426 a
759 386 950 426 Siderone
975 398 1144 425 noverca
1168 390 1305 426 vexata
1337 381 1446 441 est.¹)
1497 386 1618 426 immo
1643 386 1898 427 condiciones

324 453 531 506 ponendae
558 458 651 493 sunt
674 453 765 492 hae:
791 451 894 504 Tyro
920 453 961 491 in
987 452 1218 491 servitutem
1243 451 1400 491 redacta
1426 455 1465 490 et
1490 451 1648 491 sordide
1673 456 1898 504 contempta

324 518 372 559 ad
397 519 545 559 flumen
578 519 636 558 ire
669 517 769 557 solet
795 521 992 569 aquatum,
1023 515 1092 556 ubi
1118 529 1139 555 a
1165 515 1347 568 Neptuno
1379 511 1667 572 opprimituff)
1718 515 1790 558 sed
1820 529 1897 569 qua

324 633 436 678 ρίσεις
470 633 509 667 in
542 633 634 678 ipsis
669 632 869 667 comoediis
904 631 1093 666 adhibitae
1125 631 1198 665 sint
1232 631 1280 666 ad
1312 630 1460 666 fabulae
1493 631 1634 666 nodum
1664 631 1898 674 nectendum,

322 690 445 722 tamen
468 687 531 721 hic
555 688 679 731 aperte
711 685 881 720 ducimur
912 685 952 718 in
977 684 1132 728 Tyronis
1157 684 1338 726 fabularm
1374 686 1411 719 et
1434 681 1665 729 tragoediam
1695 684 1897 730 significari

325 742 465 776 constat
490 751 534 775 ex
560 750 614 783 eo,
641 740 741 784 quod
766 750 874 773 versu
894 738 1081 782 superiore
1105 735 1294 784 τραγῳδοί
1314 737 1486 772 dicuntur
1504 737 1683 782 exempla.
1716 748 1829 782 quam
1848 737 1895 773 ob

322 805 399 829 rem
434 794 525 838 quid
555 793 702 835 mirum,
738 792 770 827 si
802 791 897 826 aliae
923 802 1071 835 quoque
1095 802 1152 826 res
1178 802 1223 826 ex
1248 792 1377 826 eodem
1409 792 1573 826 dramate
1602 791 1757 827 haustae
1788 793 1899 826 sunt?

325 847 410 893 [etsi
436 847 589 881 credunt
614 845 843 890 suppositam
863 856 942 879 esse
968 845 1080 879 etiam
1098 844 1257 889 Alopam
1274 844 1530 891 Euripideam]
1557 844 1697 879 scilicet
1721 855 1765 880 ea
1788 855 1896 890 argu-

322 901 447 935 menta
465 899 601 944 Tyroni
627 900 712 933 sunt
735 898 960 943 usurpanda,
987 909 1082 942 quae
1106 909 1183 933 non
1200 899 1351 943 propria
1375 899 1460 933 sunt
1476 898 1565 933 huic
1583 898 1806 942 comoediae,
1831 898 1898 933 sed

323 964 417 998 quae
436 953 586 988 aliunde
604 953 741 997 petitae
760 951 914 987 elucent.
943 952 1008 986 sed
1026 953 1068 986 ut
1091 952 1183 996 quid
1202 951 1314 986 velim
1333 951 1579 997 intellegatur,
1598 951 1710 987 affero
1729 963 1788 988 W.
1802 955 1848 987 50
1855 962 1898 994 s.,

324 1006 459 1051 quibus
486 1006 622 1040 dicitur
639 1006 818 1041 infantem
839 1017 861 1040 a
878 1005 1035 1050 pastoris
1055 1016 1167 1040 uxore
1191 1007 1300 1049 partu
1325 1005 1465 1040 editum
1485 1006 1616 1040 eodem
1633 1006 1798 1050 tempore
1817 1015 1897 1040 esse

321 1062 506 1095 mortuum
537 1059 695 1103 ideoque
721 1059 927 1103 expositum
960 1070 1038 1093 esse
1062 1060 1262 1103 receptum.
1299 1059 1369 1093 hoc
1399 1061 1656 1104 argumentum
1680 1058 1897 1094 translatum

324 1113 482 1148 arbitror
507 1124 552 1147 ex
577 1113 721 1156 Tyrone
746 1113 947 1157 tragoedia,
974 1112 1072 1156 quod
1098 1112 1310 1147 comoediae
1334 1122 1407 1146 non
1433 1114 1489 1146 est
1510 1112 1758 1147 necessarium
1784 1112 1896 1158 (idem

325 1166 480 1211 contigit
505 1167 541 1201 et
566 1167 678 1201 Κυνώ
704 1165 789 1211 Cyri
823 1166 958 1200 nutrici
988 1166 1023 1200 et
1055 1165 1161 1200 uxori
1186 1165 1351 1200 Faustuli
1386 1166 1486 1209 apud
1518 1165 1670 1210 Dionys.
1701 1164 1783 1200 Hal.
1809 1165 1826 1200 I
1851 1168 1897 1200 79

321 1231 358 1264 p.
379 1221 473 1264 204).
509 1230 607 1253 nunc
631 1219 703 1254 iam
732 1220 879 1262 scimus,
901 1219 993 1263 quid
1012 1218 1083 1253 sibi
1108 1218 1188 1253 vult
1211 1218 1396 1263 glossema
1419 1217 1691 1265 ἐρρηνοβοσκός
1715 1219 1771 1264 (fr.
1793 1220 1897 1264 ὅ94)ε

323 1273 549 1318 significatur
575 1273 771 1317 caprarius,
798 1272 954 1313 αἰπόλος
979 1274 1025 1317 (v.
1048 1275 1113 1306 111
1142 1273 1199 1307 ed.
1220 1272 1359 1317 Sudh.).
1386 1274 1497 1316 atque
1515 1273 1547 1307 is
1573 1284 1657 1307 cum
1682 1272 1895 1308 adulescen-

321 1327 421 1361 tibus
448 1327 693 1361 communicat
717 1326 793 1361 fata
818 1325 1056 1370 expositionis
1083 1326 1129 1369 (v.
1151 1327 1251 1368 113);
1278 1336 1504 1370 quamquam
1523 1337 1570 1361 an
1589 1326 1669 1370 ipse
1687 1325 1897 1370 pernoverit

323 1380 573 1424 expositorum
598 1379 779 1424 originem
806 1380 862 1424 (ut
886 1390 1012 1413 servus
1037 1379 1083 1414 ab
1103 1379 1278 1424 Harpago
1303 1379 1343 1413 in
1367 1379 1497 1414 urbem
1522 1379 1715 1414 arcessitus
1741 1380 1778 1414 et
1801 1379 1894 1414 Fau-

321 1433 438 1469 stulus
463 1433 620 1467 Romam
646 1434 868 1478 aggressus),
900 1432 1055 1467 dubium
1082 1433 1146 1475 est,
1177 1432 1369 1467 Menandri
1395 1432 1547 1477 quidem
1579 1444 1704 1467 versus
1732 1435 1897 1468 112-1'5

320 1497 394 1522 non
419 1486 613 1521 obsistunt.

383 1542 417 1583 1)
443 1540 534 1573 haec
559 1550 616 1573 res
643 1539 901 1584 comprobatur
924 1539 1086 1584 primum
1111 1539 1250 1582 ordine,
1277 1550 1350 1583 quo
1376 1539 1560 1574 Diodorus
1584 1539 1750 1575 fabulam
1774 1541 1898 1575 narrat

322 1593 385 1638 (IV
416 1597 459 1627 68
475 1595 571 1639 ’,ὣς
607 1593 711 1637 prius
743 1593 843 1628 enim
875 1592 994 1627 affert:
1034 1591 1128 1637 αὕτη
1161 1591 1202 1627 δὲ
1235 1592 1325 1637 (scil.
1351 1594 1519 1638 Σιδηρὼ)
1551 1595 1719 1640 χαλεπῶς
1743 1592 1895 1638 διετέθη

322 1646 415 1690 πρὸς
444 1645 513 1691 τὴν
550 1647 673 1690 Τυρώ,
706 1646 761 1686 ὡς
792 1644 846 1681 ἂν
878 1645 1090 1691 μητρυιά,
1123 1657 1250 1690 quam:
1284 1651 1329 1693 τῇ
1362 1645 1403 1681 δὲ
1438 1650 1566 1692 Τυροῖ,
1600 1645 1781 1694 παρθένῳ
1812 1646 1894 1682 κατ’

325 1698 491 1740 ἐκείνους
516 1700 603 1741 τοὺς
627 1698 786 1746 χρόνους
811 1699 916 1746 οὔσῃ,
942 1700 1137 1735 Ποσειδῶν
1162 1698 1280 1744 μιγείς
1305 1720 1349 1725 ——
1377 1714 1438 1743 -;
1477 1700 1543 1735 etsi
1568 1700 1656 1734 huic
1680 1701 1895 1745 argumento

323 1753 476 1797 paulum
501 1753 634 1796 tribuo,
678 1753 855 1796 quoniam
886 1753 1070 1787 Diodorus
1102 1753 1230 1787 ordine
1261 1753 1456 1788 constituto
1486 1753 1778 1798 uniuscuiusque
1814 1764 1897 1798 per—

326 1817 436 1840 sonae
463 1807 609 1840 cunctas
634 1817 691 1840 res
716 1806 854 1849 profert
879 1806 1079 1840 continuas.
1105 1826 1151 1832 —
1177 1808 1256 1840 tum
1286 1806 1359 1841 huc
1382 1806 1540 1850 pertinet
1569 1817 1640 1841 vox
1665 1805 1896 1851 ἀπωδύρετο

325 1859 442 1905 [apud
461 1858 653 1903 Apdorum
672 1859 687 1893 I
708 1863 772 1901 91;
799 1859 853 1893 ita
872 1860 976 1894 codd.
997 1870 1187 1902 consensu,
1206 1871 1280 1894 non
1300 1859 1422 1894 ἐπωδ.
1443 1860 1543 1903 quod
1562 1870 1584 1894 a
1601 1859 1718 1895 Fabro
1738 1861 1776 1905 (a
1789 1860 1895 1905 1661)

323 1912 526 1946 coniectum
566 1911 744 1956 praebent
785 1912 954 1957 editores]
996 1912 1019 1946 i.
1047 1923 1076 1947 e.
1113 1913 1285 1956 ‘profusis
1325 1913 1486 1947 lacrimis
1518 1914 1683 1947 animum
1715 1913 1895 1956 levabat’3

323 1966 414 2010 quid
439 1965 537 2000 enim
569 1965 788 1999 lamentatur
820 1965 916 2009 Tyro
947 1965 1141 2000 ambulans
1172 1966 1212 2000 in
1242 1965 1335 2010 ripis
1359 1965 1493 2009 Enipei
1524 1966 1698 2009 fluminis,
1732 1967 1805 2001 nisi
1830 1976 1894 2001 no-

322 2030 449 2054 vercae
480 2021 684 2054 tormenta?
716 2030 784 2054 nec
816 2019 911 2063 Tyro
943 2030 966 2054 a
996 2030 1153 2055 noverca
1183 2021 1334 2054 vexatur
1364 2021 1512 2063 propter
1536 2019 1700 2063 Neptuni
1733 2030 1895 2055 amorem

322 2074 386 2107 aut
409 2073 577 2117 geminos
603 2072 733 2115 editos,
767 2084 859 2116 quos
891 2071 1102 2117 γεννήσασα
1128 2071 1256 2116 κρύφα
1281 2069 1484 2114 ἐκτίθεσινς
1520 2071 1633 2106 aliam
1664 2072 1710 2107 ob
1746 2083 1895 2108 causam

323 2126 367 2160 ab
394 2125 459 2160 illa
483 2127 674 2170 torquetur
698 2125 820 2171 (Diod.
842 2126 858 2160 I
877 2129 896 2160 9
911 2127 954 2173 Β),
979 2126 1214 2170 potissimum
1233 2127 1357 2160 autem
1381 2127 1638 2170 argumentum
1662 2125 1771 2161 nobis
1789 2128 1895 2171 parat

323 2179 509 2222 Aelianus,
535 2179 599 2223 qui
626 2179 773 2214 disserit
791 2179 848 2225 (N.
864 2190 895 2214 a.
916 2179 1007 2214 1110
1028 2180 1064 2214 et
1081 2178 1132 2213 XI
1147 2181 1204 2223 18)
1224 2190 1349 2222 equas,
1374 2178 1440 2213 ubi
1464 2179 1627 2223 primum
1647 2179 1772 2224 capilli
1797 2179 1894 2215 tonsi

323 2233 405 2275 sint,
431 2233 599 2267 amittere
625 2244 771 2268 omnem
795 2244 974 2278 magnum
998 2232 1164 2267 animum
1189 2243 1231 2267 ac
1256 2232 1479 2276 superbiam,
1513 2233 1566 2268 ita
1589 2234 1631 2267 ut
1653 2243 1773 2268 mares
1797 2233 1892 2277 pati-

323 2287 429 2320 antur
452 2285 512 2320 vel
531 2286 673 2328 asinos;
701 2287 800 2330 quod
825 2286 954 2328 πάθος
978 2286 1088 2321 etiam
1109 2285 1326 2330 Sophoclem
1351 2285 1391 2319 in
1416 2285 1539 2321 animo
1563 2285 1738 2322 habuisse
1763 2285 1894 2332 (alviz-

321 2340 467 2382 τεσθαι)
491 2349 624 2383 nempe
650 2339 792 2383 Tyrone
818 2340 1009 2384 tragoedia
1028 2339 1085 2384 (N.
1105 2350 1137 2374 a.
1166 2340 1275 2385 111s)·
1307 2338 1496 2383 profitetur
1519 2338 1634 2384 igitur
1658 2341 1795 2382 auctor,
1827 2340 1893 2384 qui

322 2391 555 2426 Aristotelem
581 2393 747 2436 respicit:
775 2393 911 2437 Tyroni
937 2403 1079 2428 comam
1105 2403 1249 2427 summa
1272 2391 1382 2427 laude
1407 2392 1559 2437 dignam
1583 2392 1641 2438 (cf.
1661 2392 1766 2428 Pind.
1786 2393 1892 2438 Pyth.

323 2448 413 2491 4242:
440 2443 748 2491 ἐρασιπλόκαμος)
774 2448 919 2481 tonsam
943 2457 1022 2481 esse
1047 2457 1070 2480 a
1087 2456 1244 2481 noverca
1261 2445 1526 2488 crudelissima,
1553 2457 1625 2489 quo
1645 2446 1783 2481 factum
1802 2458 1894 2490 esse,

322 2500 363 2532 ut
387 2499 601 2533 concederet
626 2499 841 2544 coniugium
874 2511 939 2534 suo
964 2500 1102 2535 honore
1127 2498 1340 2544 indignum:
1374 2499 1474 2543 quod
1505 2499 1719 2544 coniugium
1750 2500 1894 2536 intelle-

322 2551 485 2596 gendum
510 2554 565 2586 est
589 2563 672 2586 cum
698 2552 766 2587 deo
792 2552 932 2587 fluviali
958 2553 981 2587 i.
1002 2564 1031 2587 e.
1053 2552 1194 2597 Enipeo
1214 2552 1291 2587 sive
1310 2551 1492 2596 Neptuno.
1520 2553 1731 2597 ceteroquin
1756 2565 1892 2598 equum

323 2606 358 2638 et
388 2606 587 2639 amatorem
619 2606 848 2640 contumaces
885 2606 1031 2650 saepius
1065 2605 1160 2640 inter
1195 2616 1233 2640 se
1268 2605 1471 2649 comparari
1507 2606 1612 2641 docet
1647 2605 1737 2650 Leo,
1771 2606 1888 2642 Plaut.

321 2656 486 2692 Forsch.³
509 2669 545 2702 p.
575 2661 650 2692 155.

382 2712 416 2755 2)
443 2711 488 2746 de
514 2711 627 2746 comis
652 2711 767 2747 tonsis
786 2712 995 2756 nuperrime
1015 2712 1188 2747 disseruit
1204 2711 1242 2746 L.
1263 2711 1428 2747 Sommer
1447 2713 1525 2756 (das
1544 2712 1642 2746 Haar
1659 2712 1699 2747 in
1716 2712 1892 2758 Religion

322 2774 356 2796 u.
384 2763 616 2808 Aberglaube
643 2765 676 2800 d.
698 2764 889 2807 Griechen,
916 2765 1002 2799 diss.
1024 2766 1141 2810 1912),
1168 2765 1233 2809 qui
1258 2765 1368 2800 huius
1395 2766 1545 2810 quidem
1571 2765 1729 2809 exempli
1754 2765 1890 2801 oblitus

324 2815 448 2850 docuit
471 2828 506 2860 p.
534 2820 654 2851 58ss.:
682 2828 868 2852 servorum
895 2817 1048 2862 capillos
1074 2829 1153 2854 esse
1177 2818 1311 2853 recisos
1337 2818 1394 2863 (cf.
1422 2819 1532 2853 etiam
1558 2819 1658 2863 apud
1682 2818 1892 2863 Reitzenst„

322 2868 406 2903 Anf.
426 2869 461 2903 d.
480 2868 564 2904 Lex.
586 2870 620 2905 d.
640 2870 743 2905 Phot.
768 2882 803 2914 p.
834 2874 934 2918 102ιο
963 2870 1151 2916 Sophoclis
1176 2871 1236 2906 fn:
1263 2870 1509 2917 ἀμφίκουρον·
1535 2871 1601 2908 τὸν
1620 2871 1893 2917 ἀμφοτέρωθεν

2095 2715 2106 2829 anamma.
2099 2666 2106 2694 ω..
2098 2527 2106 2575 .;...
2100 2416 2106 2502 ..v...1
2103 2350 2106 2351 ,
2102 2293 2106 2330 -,.
2100 2231 2106 2269 ...m
2101 2180 2106 2201 Α.
2102 2102 2104 2105 «
2100 2039 2106 2082 Α...
2101 1994 2106 2011 ..
2100 1953 2106 1979 v...
2101 1886 2106 1909 .,.
2101 1852 2106 1865 4
