2106 3320
973 135 1268 178 -96-..

337 253 518 308 νομίζει’
545 257 569 295 i.
591 268 623 295 e.
650 252 676 307 ἡ
703 253 854 308 γνώμη
875 252 1056 307 Hdtea.1)
1086 255 1227 296 deinde
1252 255 1301 297 τὸ
1322 255 1510 299 ἄπιστον
1535 258 1700 300 solvitur
1725 265 1841 313 atque
1866 260 1908 300 id

340 333 463 373 aequo
489 333 654 372 prorsus
680 319 836 373 ordine3
862 321 1076 373 incipiunt:

553 383 665 438 ἀνὴρ
690 381 772 438 μὲν
797 383 853 426 ἄν
877 399 952 437 μοι
978 385 1111 434 ἄλλος
1137 383 1332 438 γένοιτοε

552 451 679 498 πόσις
710 446 791 503 μὲν
817 449 875 491 ἄν
900 465 975 503 μοι
1000 452 1302 501 κατθανόντος
1327 451 1458 502 ἄλλος
1483 449 1550 507 ἦν.

551 513 624 556 καὶ
650 512 780 555 τέκνα
807 514 928 568 ἄλλα,
956 516 997 556 εἰ
1020 521 1158 557 ταῦτα
1189 513 1476 571 ἀποβάλοιμιε

552 579 624 621 καὶ
649 585 750 630 παῖς
770 577 836 621 ἀπ’
862 580 1000 622 ἄλλου
1022 581 1180 636 φωτός,
1200 580 1238 622 εἰ
1258 580 1381 623 τοῦδ’
1405 580 1646 638 ἤμπλακον.
1656 582 1690 640 ²)

338 652 524 700 pergunt:
550 645 713 700 πατρὸς
744 642 792 687 δὲ
823 643 896 687 καὶ
921 645 1086 700 μητρὸς
1116 644 1263 698 οὐκέτι
1282 662 1365 701 μευ
1386 649 1589 700 ζωόντων
1614 648 1830 705 ἀδελφεὸς
1855 648 1911 692 ἂν

340 711 471 759 ἄλλος
497 710 648 752 οὐδενὶ
674 711 819 768 τρόπῳ
841 709 1033 764 γένοιτοε

600 776 762 832 μητρὸς
789 773 827 818 δ’
861 775 909 818 ἐν
924 774 1071 818 Ἅιδου
1098 776 1170 818 καὶ
1195 778 1360 830 πατρὸς
1383 779 1672 821 κεκευθότοιν

602 841 684 883 οὐκ
710 839 790 883 ἔστ’
823 840 1017 897 ἀδελφὸς
1043 841 1163 891 ὅστις
1194 841 1250 884 ἂν
1274 842 1459 896 βλάστοι
1484 842 1607 886 ποτέτ

339 913 546 961 parentum
574 910 827 948 commutatio
854 908 1022 949 debetur
1045 910 1163 949 metri
1183 911 1424 950 necessitati.
1451 916 1587 951 contra
1612 923 1657 951 ea
1684 911 1912 952 difficultate

339 974 476 1026 logica,
502 986 602 1026 quae
635 975 740 1014 inest
769 976 904 1014 versui
936 972 1035 1027 912,
1062 987 1152 1014 cum
1184 975 1379 1027 Antigona
1403 981 1447 1016 ut
1474 977 1657 1017 defendat
1682 977 1814 1017 fratris
1840 989 1912 1017 se-

339 1039 597 1092 pulturam,
624 1044 741 1091 negat
766 1039 886 1079 alium
918 1040 1079 1080 fratrem
1111 1053 1227 1092 posse
1253 1043 1405 1093 nasci,
1441 1043 1726 1082 confirmantur
1748 1043 1914 1095 vestigia

339 1101 489 1159 Hdti.3)
520 1127 557 1133 -
582 1107 701 1145 etiam
721 1105 907 1158 clausula,
934 1118 1010 1158 qua
1030 1108 1225 1158 repetitur
1244 1107 1461 1159 quaerendi
1480 1109 1651 1160 initium,
1678 1107 1816 1148 eadem
1837 1113 1913 1148 est:

651 1169 788 1224 ταύτῃ
813 1176 866 1225 τῇ
892 1170 1045 1225 γνώμῃ
1077 1169 1302 1224 χρεωμένη
1328 1168 1453 1221 ἔλεξα
1479 1177 1617 1213 ταῦτα

574 1241 628 1276 et:
655 1235 811 1292 τοιῷδε
836 1234 987 1288 μέντοι
1020 1232 1498 1291 σ’ἐκπροτιμήσασ’ἐγὼ
1530 1238 1711 1294 νόμῳ-

342 1301 511 1354 denique
538 1306 702 1341 eventus
730 1301 918 1341 definitur
943 1304 1017 1341 sic:
1050 1296 1099 1341 εὖ
1131 1315 1176 1342 τε
1209 1301 1262 1355 δὴ
1294 1298 1415 1351 ἔδοξε
1439 1306 1500 1358 τῷ
1530 1304 1706 1359 Δαρείῳ
1721 1303 1863 1345 εἰπεῖν
1886 1301 1913 1356 ἡ

341 1366 454 1420 γυνὴ
486 1366 562 1407 καί
585 1365 628 1407 οἱ
660 1364 796 1419 ἀπῆκε
827 1371 988 1408 τοῦτον
1019 1390 1063 1395 -

426 1438 480 1473 et:
508 1429 696 1486 Κρέοντι
722 1429 836 1473 ταῦτ’
867 1428 1398 1486 ἔδοξ’ἁμαρτάνειν-καὶ
1422 1437 1509 1474 νῦν
1534 1433 1631 1487 ἄγει
1655 1448 1708 1488 με
1733 1447 1797 1474 --:
1868 1455 1872 1460 >

341 1499 417 1538 hoc
438 1500 544 1538 exitu
565 1499 762 1538 contrario
782 1500 981 1551 posterior
1001 1499 1142 1551 aliquis
1162 1499 1345 1539 falsarius
1365 1504 1409 1539 ut
1429 1501 1667 1540 sententiam
1685 1499 1916 1552 inculcaret,

341 1565 407 1603 vix
423 1570 483 1603 est
497 1564 694 1603 inductus.
722 1577 960 1617 quamquam
980 1564 1085 1604 haud
1105 1577 1270 1616 prorsus
1296 1578 1397 1617 nego
1412 1566 1500 1605 fieri
1513 1567 1702 1618 potuisse,
1727 1570 1772 1606 ut
1797 1565 1915 1618 Soph-

342 1629 441 1669 illud
467 1635 743 1680 argumentum
781 1631 892 1682 operi
931 1632 1007 1669 iam
1034 1630 1083 1669 ad
1110 1631 1226 1670 finem
1253 1630 1445 1683 perducto
1470 1632 1669 1671 insereret
1701 1630 1824 1684 [quod
1849 1643 1915 1670 ex-

342 1696 476 1747 posuit
506 1695 547 1734 P.
587 1694 724 1747 Cauer‚
764 1694 1040 1747 Grundfragen
1078 1696 1148 1735 der
1182 1692 1478 1736 Homerkritik²
1513 1694 1627 1736 1909
1662 1709 1700 1748 p.
1721 1693 1828 1750 3803
1865 1696 1915 1736 cf.

344 1760 492 1812 Bruhn‚
525 1761 583 1800 ed„
605 1761 732 1812 Antig.
757 1758 873 1801 1904
903 1774 941 1813 p.
963 1759 1030 1800 37.
1062 1784 1121 1789 -
1158 1763 1320 1801 nimiam
1347 1763 1537 1801 nimirum
1571 1763 1651 1802 vim
1677 1761 1815 1802 Kaibel
1847 1757 1915 1816 (de

346 1825 462 1878 Soph.
482 1827 610 1877 Antig.
635 1824 745 1865 1897
774 1839 810 1878 p.
832 1822 909 1881 20)
930 1828 998 1866 isti
1017 1826 1170 1866 fabulae
1186 1827 1376 1878 attribuit,
1397 1828 1430 1866 si
1443 1829 1670 1867 universam
1690 1826 1915 1879 tragoediae

345 1892 538 1930 rationem
571 1891 663 1930 Hdti
694 1893 921 1931 narratione
948 1898 1186 1931 commotum
1211 1897 1367 1943 poetam
1394 1893 1633 1932 confinxisse
1660 1892 1916 1945 suspicatur]‚

345 1962 477 1996 tamen
489 1969 560 1996 cur
574 1957 701 1996 tabula
713 1958 858 1996 iterum
869 1959 910 1996 in
923 1969 1106 1996 scaenam
1118 1956 1371 2009 producenda
1382 1958 1435 1996 ita
1455 1963 1670 2010 propagata
1684 1959 1745 2010 sit,
1759 1957 1912 1998 nullum

344 2027 503 2074 praesto
524 2027 584 2061 est
610 2018 942 2076 testimonium4):
978 2023 1129 2074 primae
1154 2022 1330 2073 profecto
1358 2023 1523 2061 actionis
1551 2024 1764 2062 auctoritas
1790 2022 1913 2062 multo

411 2132 444 2175 1)
469 2131 565 2165 nihil
601 2131 676 2166 fere
708 2131 821 2174 iuvat,
860 2131 960 2174 quod
985 2130 1043 2166 W.
1066 2130 1216 2166 Schmid
1243 2131 1387 2176 (Philol.
1409 2134 1452 2165 62
1484 2143 1521 2175 p.
1542 2133 1601 2176 28)
1626 2131 1789 2166 exhibet:
1827 2131 1916 2165 ‘wer

347 2185 426 2220 hier
450 2184 565 2230 νόμος
590 2185 745 2228 schfieb,
771 2185 836 2219 der
861 2185 990 2219 dachte
1015 2184 1195 2220 vielmehr
1219 2196 1266 2219 an
1292 2184 1399 2219 einen
1419 2183 1532 2229 νόμος
1550 2184 1789 2231 βαρβαρικάς,
1815 2185 1915 2219 dem-

346 2239 490 2284 zufolge
527 2239 587 2273 die
624 2239 742 2273 Bluts-
778 2239 843 2273 der
873 2238 1291 2273 Wahlverwandtschaft
1322 2238 1566 2273 voranstehe’.
1614 2249 1702 2272 nam
1739 2238 1770 2272 si
1806 2239 1916 2273 testes

347 2292 451 2327 affert
474 2292 557 2327 illas
582 2292 726 2327 fabulas
751 2292 958 2337 parallelas,
991 2293 1030 2326 in
1061 2292 1232 2327 omnibus
1260 2292 1390 2327 eodem
1413 2291 1523 2326 modo
1549 2291 1632 2335 ipsa
1656 2291 1837 2327 sententia
1860 2291 1915 2325 in-

348 2347 555 2390 exspectata
579 2348 689 2390 atque
714 2346 882 2381 inaudita
906 2347 954 2381 ad
977 2347 1139 2381 faustum
1164 2346 1303 2380 exitum
1326 2356 1403 2379 rem
1428 2345 1606 2389 perducit.

404 2401 439 2444 2)
465 2401 562 2434 unde
589 2400 708 2435 elucet
731 2396 840 2435 τοῦδέ
866 2400 1048 2444 pertinere
1073 2400 1121 2434 ad
1145 2405 1235 2440 παῖς
1258 2410 1332 2433 non
1358 2399 1406 2433 ad
1431 2396 1554 2443 φωτός
1579 2398 1781 2443 (similique
1806 2398 1916 2434 modo

348 2465 381 2487 v,
403 2456 470 2488 905
497 2454 676 2498 scriptura
701 2454 734 2488 εἰ
756 2451 850 2489 τέκν’
881 2450 932 2489 ὧν
957 2452 1073 2498 μήτηρ
1095 2453 1191 2497 ἔφυν
1215 2463 1282 2497 pro
1308 2451 1446 2488 τέκνων
1473 2452 1681 2486 defenditur
1704 2452 1826 2487 verbis
1851 2451 1917 2487 τὸν

348 2506 471 2550 ἄνδρα
495 2520 534 2542 τε
559 2507 624 2542 καὶ
648 2506 703 2542 τὰ
728 2506 889 2552 τέκνα).

410 2562 443 2603 3)
461 2560 561 2605 ’.19ὗῦ
588 2561 701 2596 verba
720 2561 788 2596 οὐκ
810 2561 907 2597 ἔστιν
929 2559 1025 2600 ὅστις
1049 2561 1089 2595 in
1114 2571 1232 2604 aequo
1256 2559 1363 2604 ponit
1387 2571 1470 2593 cum
1496 2558 1630 2600 οὐδείς.

408 2616 444 2656 4)
470 2614 598 2648 eadem
623 2614 698 2649 fere
725 2615 946 2659 cogitatione
971 2614 1110 2658 priores
1136 2613 1206 2647 viri
1232 2613 1340 2656 docti,
1374 2613 1472 2647 velut
1496 2613 1590 2647 inter
1609 2613 1700 2647 alios
1726 2612 1770 2647 A.
1796 2611 1918 2647 Scho'll

351 2666 489 2712 [Soph.‚
510 2667 588 2701 sein
612 2667 736 2702 Leben
755 2680 790 2703 u.
811 2668 965 2702 Wirken
987 2671 1077 2702 1842
1097 2679 1134 2711 p.
1157 2670 1222 2701 119
1244 2678 1290 2701 ss,
1309 2667 1383 2701 not.
1405 2669 1466 2708 643
1492 2666 1646 2710 primus,
1672 2666 1772 2710 quod
1791 2664 1916 2708 sciam,

349 2720 451 2754 nisus
477 2721 599 2755 adnot.
621 2732 711 2756 serv.
732 2733 791 2766 ap.
813 2722 969 2757 Cramer.
990 2721 1126 2755 Anecd.
1145 2719 1259 2755 Oxon.
1273 2719 1322 2755 IV
1336 2723 1420 2754 315:
1448 2718 1564 2755 πολλὰ
1590 2718 1660 2764 γὰρ
1681 2716 1917 2763 νοθευόμενά

350 2773 459 2816 ἐστιν,
474 2775 522 2814 ὡς
534 2773 557 2817 ἡ
572 2774 810 2818 Σοφοκλέους
820 2773 1020 2820 Ἀντιγόνη.
1053 2773 1194 2819 λέγεται
1208 2773 1278 2819 γὰρ
1293 2770 1391 2808 εἶναι
1402 2771 1456 2808 'Io
1467 2787 1493 2818 φ
1503 2779 1530 2807 ῶ
1540 2786 1610 2808 ντο
1620 2786 1638 2812 ς
1662 2769 1918 2818 (Ἀντιφῶντος

350 2827 443 2867 cod.)
457 2833 522 2862 τοῦ
537 2828 776 2872 Σοφοκλέους
788 2828 901 2875 υἱοῦ],
915 2827 1084 2863 &Wolff
1093 2827 1207 2873 (Zsch.
1218 2827 1242 2862 f.
1252 2827 1323 2861 Alt.
1335 2830 1424 2862 1846
1439 2839 1475 2871 p.
1491 2829 1639 2872 628ss.)‚
1659 2826 1704 2860 H.
1720 2824 1917 2870 Maonagh-

349 2881 410 2914 ten
426 2880 589 2925 (Journal
609 2882 650 2915 of
663 2882 728 2916 Ph.
744 2886 788 2917 24
805 2885 894 2917 1896
908 2894 944 2926 p.
962 2885 1026 2916 171
1037 2883 1096 2926 ss.)
1117 2892 1242 2915 versus
1263 2882 1450 2925 suspectos
1470 2880 1677 2915 tribuerunt
1695 2877 1917 2923 Iophonti.
