2106 3320
834 213 1158 256 —119—

211 336 297 381 fleo
325 336 456 389 igitur
481 336 674 387 tragicum
701 347 789 375 esse
816 336 1068 375 instructum.
1106 335 1215 387 atqui
1240 335 1316 375 iam
1344 333 1447 387 apud
1472 333 1685 375 Homerum
1712 334 1781 374 ob-

209 401 315 443 vum
345 400 392 441 nt
422 400 491 440 illa
523 399 701 453 fugiendi
734 396 1024 454 significatio¹)‚
1062 412 1180 453 quem
1213 401 1498 440 convenienter
1527 404 1688 440 secutus
1721 406 1782 440 est

208 470 325 521 poet·
350 467 420 520 qni
445 470 609 507 vocatur
633 463 971 519 ὁμηρικώτατος.
1018 477 1092 505 nec
1112 466 1237 517 magis
1256 466 1472 517 ignominia
1492 469 1651 505 notatur
1670 478 1690 506 a
1710 466 1781 505 So-

207 530 349 587 pando
374 531 577 572 recedenti
604 530 694 572 duci
721 530 930 572 tribuenda
956 543 1073 584 quam
1092 530 1270 584 prudens
1290 530 1492 571 iudicium.
1525 542 1654 583 neque
1674 532 1781 572 enim

210 597 412 639 exercitus
437 595 542 637 idem
563 595 693 637 denuo
712 596 760 637 ad
786 596 933 637 bellum
953 596 1204 649 profecturus
1228 596 1348 636 unam
1376 597 1452 636 iam
1478 595 1638 636 habehit
1662 595 1781 636 iidem

209 663 262 716 ei,
285 663 355 716 qni
381 661 601 703 devotionis
625 663 768 702 timore
794 667 998 715 permotus
1023 663 1075 701 sit
1101 661 1148 701 ad
1176 660 1454 702 revertendum
1482 674 1524 701 re
1551 657 1744 717 insecta.²)

694 795 738 834 Ε.
765 794 837 833 ΒΕ
864 792 1005 833 VOGE
1037 792 1300 833 ΜΤΔΡΟΣ.

270 875 387 918 Aliud
420 878 527 917 inter
559 878 752 929 tragicum
789 882 827 917 et
861 877 1094 917 historicum
1130 875 1330 916 vinculum
1366 877 1591 928 significare
1626 876 1784 918 videtur

211 941 422 984 scholi-sta
459 941 508 983 ad
539 943 669 995 Antig.
694 939 800 982 264:
837 936 949 996 ἦμεν
983 936 1023 982 δ’
1061 938 1229 994 ἕτοιμοι
1263 939 1336 982 καὶ
1370 939 1605 995 μύδρους
1638 944 1784 997 αἴρειν

210 1011 372 1063 χεροῖν.
404 1020 523 1061 quem
548 1020 721 1060 versum,
747 1020 837 1048 cum
864 1009 1039 1059 nuntius,
1064 1009 1172 1047 omni
1197 1007 1311 1060 culpa
1338 1013 1382 1047 ut
1407 1019 1449 1047 se
1475 1006 1676 1061 liberaret⁷
1700 1021 1783 1049 om·

211 1074 278 1115 nia
298 1072 529 1115 disci-imina
549 1073 684 1114 subire
703 1072 882 1124 voluerit,
908 1078 1195 1112 commentator
1224 1074 1385 1125 exponit
1405 1074 1470 1124 ita,
1495 1079 1539 1113 ut
1559 1073 1783 1126 exemplum

211 1138 348 1180 afferat
373 1138 685 1180 Phocaeensium
711 1143 937 1191 comparato
962 1150 1081 1178 versu
1107 1137 1368 1178 Callimacheo
1396 1133 1460 1192 (ε
1483 1139 1529 1178 fr.
1550 1135 1676 1192 209):

392 1200 616 1245 Φωκαέων
640 1201 792 1258 μέχρις
814 1217 863 1244 κε
889 1200 999 1258 μένῃ
1024 1199 1160 1257 μέγας
1185 1201 1252 1243 εἰν
1276 1201 1349 1244 ἄλι
1374 1200 1595 1259 μύδροςθ)

209 1269 298 1324 ipsc
317 1270 423 1311 enim
443 1269 570 1310 Hdtus
591 1265 627 1324 (l
650 1266 753 1324 165)
775 1269 875 1309 hanc
896 1268 1068 1309 rabulam
1087 1270 1302 1309 memoriae
1321 1268 1561 1321 prodiderat,
1587 1282 1663 1322 qua
1684 1269 1783 1309 Pho-

209 1346 399 1376 caeenses
425 1347 446 1375 e
465 1335 591 1388 patria
611 1335 820 1387 migraturi
840 1340 993 1375 atroces
1013 1333 1120 1374 diras
1140 1335 1425 1387 imprecantur,
1444 1336 1478 1374 si
1498 1336 1588 1387 quis
1607 1336 1784 1387 ipsorum

210 1398 379 1442 classem
415 1400 637 1454 desereret3
671 1399 719 1440 ad
752 1399 849 1440 haec
882 1401 1083 1452 ingentem
1115 1400 1211 1439 ferri
1238 1412 1409 1439 massam
1442 1397 1636 1454 (μύδρον
1661 1398 1783 1453 σιδή-

211 1461 337 1520 ρεον)
374 1467 477 1507 mari
508 1465 756 1517 demergunt,
787 1466 966 1505 iurantes
997 1478 1076 1505 non
1108 1466 1219 1517 prius
1251 1464 1466 1505 Phocaeam
1499 1478 1542 1505 se
1575 1465 1785 1518 redituros,

211 1543 330 1585 quam
362 1543 492 1572 massa
523 1530 587 1571 illa
621 1543 642 1571 e
669 1531 769 1571 mari
796 1532 1037 1571 emersisset.
1076 1532 1154 1570 iam
1181 1529 1449 1582 intellegimus
1474 1532 1682 1583 utriusque
1708 1530 1785 1570 loci

212 1594 467 1638 fundamenta
493 1608 658 1650 prorsus
678 1608 766 1636 esse
787 1596 954 1636 diversa.
986 1608 1076 1636 nam
1098 1609 1187 1636 cum
1209 1595 1312 1649 apud
1332 1595 1479 1636 lldtum
1500 1596 1653 1636 devotio
1673 1608 1784 1649 spec·

212 1667 269 1703 tet
292 1663 336 1703 in
362 1668 519 1715 tempus
545 1662 734 1714 futurum,
760 1661 1004 1715 Sophocleus
1029 1662 1206 1714 nuntius,
1237 1668 1281 1701 ut
1306 1663 1574 1714 suspicionem
1600 1661 1785 1715 Polynice

212 1726 372 1768 condito
404 1726 480 1773 sibi
514 1727 721 1768 conflatam
748 1729 985 1779 exstinguat,
1018 1726 1162 1779 studet,
1197 1739 1319 1780 quare
1353 1724 1525 1780 ἕτοιμος
1556 1722 1613 1780 ἦν
1643 1725 1786 1776 πάσας

211 1790 437 1846 βασάνους
470 1790 711 1846 ὑπομένειν
735 1791 846 1846 πρὸς
872 1792 1052 1846 ἔλεγχον
1077 1790 1138 1846 (in
1166 1792 1345 1846 scholiis3
1378 1794 1403 1832 i.
1429 1805 1461 1833 e.
1488 1794 1619 1833 omnia
1645 1793 1693 1833 ad
1720 1805 1786 1833 ex-

213 1857 447 1911 plorandum
469 1863 662 1899 tormenta
682 1855 900 1913 perserre):
921 1858 1130 1898 scholiasta
1152 1860 1339 1898 nimirum
1361 1858 1464 1898 haud
1486 1863 1592 1898 recte
1613 1871 1680 1899 eas
1694 1871 1786 1898 con-

215 1923 392 1965 diciones
418 1926 547 1964 varias
573 1923 763 1964 confudit.
795 1923 958 1964 alteram
985 1929 1116 1964 autem
1142 1929 1295 1976 partem
1322 1925 1356 1964 si
1377 1923 1567 1964 Zielinski
1587 1925 1674 1964 iure
1694 1936 1786 1964 con-

214 1985 384 2043 tendit⁴)
417 2001 529 2030 reum
563 1990 708 2030 tentari
733 1990 918 2042 imposito
945 1990 1053 2041 gravi
1080 1989 1175 2029 ferri
1202 1989 1389 2042 pondere,
1421 1989 1654 2030 vocabulum
1680 2002 1787 2030 com-

214 2056 366 2108 panrit
391 2056 587 2108 quispiam
614 2067 705 2095 cum
730 2054 798 2095 illo
818 2054 1128 2095 Phocaeensium
1153 2053 1309 2111 μύδρῳ
1335 2056 1525 2095 memoria
1545 2056 1649 2095 trito.
1677 2067 1697 2094 a
1718 2055 1788 2094 So-

215 2119 368 2174 phoclis
401 2120 561 2174 quidem
593 2119 825 2174 aequalibus
856 2120 948 2161 talia
979 2133 1080 2173 quae
1116 2119 1303 2160 dicuntur
1334 2119 1480 2160 ordalia
1514 2119 1787 2160 recordatione

214 2191 367 2228 tantum
408 2185 694 2239 comprehensa
737 2198 827 2226 esse
864 2185 1050 2226 videntur
1091 2198 1164 2226 nec
1205 2181 1429 2238 vigentia.⁵)
1479 2185 1529 2225 oh
1568 2198 1653 2226 eam
1692 2198 1788 2237 quo-

278 2322 311 2365 ι)
336 2319 506 2365 exempla
529 2318 641 2356 effero
667 2330 712 2354 ex
738 2319 850 2354 Iliade
877 2323 907 2354 A
929 2321 1009 2361 ⁷45,
1037 2320 1071 2355 Ξ
1089 2321 1169 2361 522,
1198 2319 1231 2353 Ο
1250 2321 1331 2360 586,
1357 2319 1392 2352 Χ
1412 2322 1488 2353 142.

275 2374 312 2419 8)
336 2372 400 2408 vix
425 2384 518 2418 opus
543 2375 599 2409 est
622 2373 773 2409 afferam
793 2372 1062 2408 Schneidewini
1089 2383 1121 2407 v.
1146 2375 1236 2407 1418
1251 2383 1297 2406 ss.
1325 2372 1661 2416 interpretationem
1688 2382 1787 2416 pror-

216 2438 279 2462 sus
304 2436 385 2462 esse
408 2426 670 2472 repellendam,
695 2426 949 2471 accipiendam
975 2425 1126 2461 Wolffii.

276 2481 313 2526 8)
337 2480 398 2516 oui
422 2480 544 2515 versui
570 2480 676 2516 addit
693 2480 909 2516 Schneider:
938 2478 1167 2515 ‘Callimachi
1195 2479 1308 2514 menti
1335 2479 1425 2514 haec
1444 2478 1599 2513 dicentis
1620 2478 1789 2513 obversa-

217 2533 326 2570 batur
348 2533 504 2569 historia.
526 2533 574 2570 ab
599 2533 697 2570 Bato
723 2534 739 2569 1
760 2538 827 2569 165
852 2533 1025 2569 κιαι-ταῶ.

277 2589 313 2633 4)
339 2586 464 2623 Wseh.
489 2586 539 2622 kl.
564 2585 630 2624 Ph.
659 2590 750 2623 1908
776 2599 812 2633 p.
835 2590 915 2629 895,
949 2586 1028 2631 (ubi
1060 2589 1223 2621 recenset
1246 2585 1396 2621 Hiaelii
1429 2585 1565 2621 librum
1592 2586 1698 2621 inser.
1726 2587 1791 2621 der

219 2641 320 2686 Bith:
349 2640 413 2676 ‘ist
437 2640 534 2677 denn
560 2641 692 2686 μόδροι
716 2641 899 2676 dux-chaus
919 2639 1170 2686 gliihendes
1190 2639 1325 2675 Eisen?
1360 2639 1488 2675 Haben
1510 2639 1569 2674 die
1589 2638 1791 2682 Pholmeer,

216 2694 328 2730 deren
354 2692 488 2738 μόδοοι
513 2694 649 2740 (potius
668 2695 769 2740 apud
788 2694 928 2729 Hdtum
948 2696 985 2729 et
1003 2692 1144 2729 Callim.
1168 2692 1321 2738 μύδρος)
1350 2692 1637 2738 sprichwesrtlich
1657 2703 1791 2735 waren,

218 2746 470 2793 gisshendes
495 2746 604 2783 Eisen
630 2748 686 2783 ins
706 2747 805 2783 Meet
830 2747 1038 2793 geworsen‘?
1075 2746 1187 2783 Nein:
1214 2759 1251 2781 es
1280 2747 1323 2781 ist
1345 2746 1520 2791 ledigiich
1541 2746 1623 2781 eine
1643 2746 1789 2781 basten-

220 2799 344 2846 probe.
370 2811 434 2836 um
459 2800 520 2836 die
545 2812 583 2837 es
609 2801 687 2837 sich
712 2801 889 2837 handeit’.

279 2854 315 2899 ὃ)
340 2864 423 2889 cum
449 2854 572 2890 nescio
597 2865 644 2890 an
670 2855 761 2900 quid
788 2854 1022 2889 efficiendum
1050 2855 1096 2889 sit
1122 2866 1165 2889 ex
1191 2866 1246 2897 eo
1273 2855 1370 2898 quod
1393 2853 1506 2888 adicit
1526 2852 1654 2887 schot:
1682 2857 1792 2887 rotro

220 2908 325 2954 μέχρι
348 2912 415 2952 τῆς
438 2906 599 2952 σήμερον
623 2907 659 2945 ol
679 2907 854 2954 Ῥωμαῖοι
880 2913 1055 2944 ποιοῦσιν
1069 2906 1293 2953 Ελληνικῶς
1318 2908 1554 2951 πλανώμενοι
1580 2906 1641 2941 καὶ
1670 2906 1709 2941 ἐν
1729 2905 1790 2940 ἆλ-

218 2963 297 3003 λοις
321 2958 513 3002 πλείστοις.
