2106 3320
945 148 1242 189 —78—

365 275 421 313 Ac
457 274 631 325 primum
663 273 698 310 si
730 270 908 310 scholion
949 266 1018 324 (ad
1050 269 1107 308 El.
1140 282 1174 308 v.
1207 265 1283 323 62)
1327 269 1577 321 inspicimus,
1616 269 1799 310 ducimur
1835 273 1879 310 in

308 338 621 392 Pythagoram
647 341 714 376 aut
738 335 940 387 Ulixem,
967 347 1135 386 quorum
1161 333 1262 373 alter
1283 334 1448 374 affertur
1460 339 1717 386 tantum,non
1735 334 1881 388 proba-

309 399 422 456 tur.¹)
449 407 489 442 et
510 414 747 454 quamquam
762 402 839 440 iam
863 400 1130 451 intellegimus
1144 399 1394 449 totamhuius
1408 399 1562 439 fabulae
1575 401 1780 453 rationem,
1799 413 1879 453 quo

308 470 510 521 pertinere
547 467 704 506 videtur
740 479 811 505 vox
852 464 1034 518 σοφούς,
1070 466 1272 517 propriam
1307 477 1394 504 esse
1425 465 1880 518 Pythagoraeorum,

310 545 478 587 quorum
505 533 627 572 animi
653 532 745 571 talia
770 526 1100 583 adamaverint²);
1125 535 1257 570 tamen
1282 529 1486 582 Sophoclis
1511 530 1756 583 temporibus
1782 542 1880 571 non-

311 598 403 638 dum
430 599 611 650 cognitus
637 597 794 637 videtur
830 597 953 636 fuisse
990 595 1242 648 Pythagoras,
1276 597 1346 648 qui
1380 597 1595 648 evanuerit,
1628 601 1713 636 tum
1738 607 1882 640 rursus

309 664 552 716 apparuerit:
580 662 619 702 id
645 662 750 715 quod
776 661 843 701 Ev.
870 661 1006 700 Bruhn
1032 657 1076 713 (l.
1091 660 1113 701 l.
1127 674 1164 713 p.
1179 656 1288 715 310)
1308 666 1415 700 recte
1436 661 1880 701 conclusitesimillima

307 729 545 780 narratione,
580 741 697 780 quam
724 727 771 767 de
810 726 983 766 Salmoxi
1007 726 1176 765 Thracio
1209 726 1331 766 refert
1361 726 1602 781 Herodotus3
1635 728 1671 766 is
1697 728 1804 767 enim
1829 726 1881 767 de

309 793 492 845 Salmoxi,
527 805 644 844 quem
670 798 870 832 mortuum
898 804 939 831 se
966 791 1229 844 perhibuisse,
1264 791 1480 831 honorifice
1504 791 1711 844 postmodo
1737 804 1881 845 excep·

308 864 392 899 tum
427 859 639 898 memoriae
665 857 809 910 prodit,
848 857 944 897 dicit
979 853 1107 912 (lV95)
1140 855 1378 897 δουλεῦσαι
1404 853 1453 897 ἐν
1485 854 1623 913 Σάμῳ
1649 879 1694 885 -—
1721 858 1881 898 Πυθα·

308 923 417 977 γόρῃ
442 925 502 978 τῷ
520 921 795 976 Μνησάρχου
810 919 1147 975 -ὁμιλήσαντα
1168 918 1391 975 Ἑλλήνων
1417 920 1470 962 οὐ
1490 926 1550 977 τῷ
1571 920 1880 979 ἀσθενεστάτῳ

307 993 496 1042 σοφιστῇ
518 988 781 1042 Πυθαγόρῃ.
815 1000 910 1040 ergo
930 988 1056 1027 Hdtus
1077 988 1124 1027 de
1143 989 1230 1040 ipso
1249 988 1466 1040 Pythagora
1486 989 1676 1040 magistro
1686 988 1763 1028 tale
1783 987 1881 1040 quid

308 1055 342 1093 si
374 1054 669 1106 exploravisset,
702 1055 787 1093 sine
819 1053 898 1093 ulla
932 1053 1173 1093 dubitatione
1206 1053 1270 1092 hic
1302 1049 1594 1109 inseruisset.³)
1657 1066 1734 1106 quo
1761 1065 1881 1105 argu—
1927 1068 1931 1071 ’

305 1124 438 1159 mento
454 1132 570 1171 quam
584 1120 816 1171 gravissimo
832 1115 926 1174 (etsi
941 1118 1099 1158 ducitur
1118 1130 1165 1157 ex
1185 1114 1363 1172 silentio)
1384 1119 1556 1158 efficitur
1574 1131 1624 1158 ne
1644 1118 1879 1171 Sophoclem

308 1184 467 1236 quidem
494 1184 600 1224 illam
621 1185 862 1236 Pythagorae
883 1183 1054 1223 fabulam
1081 1185 1276 1235 cognitam
1301 1183 1498 1223 habuisse.
1526 1196 1619 1235 ergo
1645 1183 1878 1224 scholiastae

310 1255 576 1289 commentum
602 1252 719 1289 inane
746 1255 817 1289 est.
848 1255 985 1289 contra
1008 1248 1237 1289 Eustathius
1263 1261 1354 1288 cum
1384 1248 1492 1288 illius
1519 1250 1611 1288 sacti
1636 1251 1879 1290 mentionem

311 1315 458 1354 faceret
469 1311 677 1370 (p.1259)‚
689 1315 715 1354 Z
727 1315 814 1354 alm
823 1327 844 1354 o
853 1327 877 1354 x
886 1316 946 1354 im
960 1316 1187 1354 nominavit.
1195 1311 1232 1369 4)
1243 1316 1295 1354 ita
1312 1327 1358 1354 ex
1371 1314 1563 1367 discipulo
1579 1316 1619 1354 in
1632 1316 1880 1367 magistrum,

307 1393 328 1420 e
349 1379 521 1420 Salmoxi
546 1381 588 1419 in
609 1380 867 1432 Pythagoram
887 1379 1070 1419 fabellam
1096 1379 1325 1419 translatam
1346 1392 1433 1418 esse
1453 1381 1746 1430 cognoscimus:
1773 1380 1880 1432 quod
1908 1419 1914 1424 ,

307 1451 574 1485 commentum
601 1458 696 1485 sane
723 1445 978 1485 tribuendum
1005 1449 1065 1484 est
1090 1440 1360 1499 Hermippof')
1868 1439 1872 1443 ¹

364 1510 482 1562 Atqui
515 1510 562 1550 de
596 1511 672 1550 alio
705 1523 860 1563 quoque
895 1511 1137 1562 Pythagorae
1171 1509 1364 1562 discipulo
1396 1510 1473 1549 tale
1506 1509 1601 1562 quid
1634 1511 1779 1551 sactum
1813 1523 1881 1550 ex—

305 1575 466 1615 hibetur
479 1576 582 1628 apud
596 1576 766 1615 eundem
780 1576 944 1615 Hdtum:
967 1575 1053 1615 dico
1073 1576 1291 1615 Aristeae
1312 1576 1454 1614 samam
1469 1571 1590 1629 (414).
1623 1575 1698 1615 hoc
1718 1575 1880 1628 quidem

307 1640 473 1680 alterum
495 1641 717 1693 exemplum
739 1641 895 1693 repellit
914 1640 1061 1692 Kaibel,
1082 1654 1172 1680 cum
1192 1640 1289 1680 'dicit
1299 1637 1528 1695 (comment.
1549 1640 1597 1680 ad
1613 1654 1647 1681 v,
1659 1639 1716 1681 62
1730 1654 1766 1694 p.
1784 1636 1882 1695 79>2

308 1705 498 1746 ‘Aristeas
529 1712 639 1758 passt
672 1706 832 1746 deshalb
859 1706 980 1758 nicht,
1008 1706 1095 1746 weil
1122 1719 1165 1746 er
1191 1707 1276 1746 sich
1302 1706 1412 1746 nicht
1438 1706 1502 1745 fur
1527 1711 1584 1745 tot
1603 1703 1779 1757 ausgab’.
1812 1707 1879 1746 cui

307 1773 526 1811 sentcntiae
559 1771 748 1811 accedere
780 1784 858 1810 non
891 1784 1071 1825 possum3
1105 1772 1359 1811 condiciones
1395 1772 1501 1811 enim
1535 1770 1628 1810 dicti
1660 1771 1746 1811 haev
1767 1776 1882 1811 sunt:

357 1875 392 1919 1)
419 1873 529 1909 ‘hwa
560 1873 602 1909 δὲ
634 1873 779 1910 οἴονται
816 1874 1017 1915 ἀπιθάνως
1052 1875 1106 1915 εἰς
1139 1873 1326 1910 Ὀδυσσέα
1369 1874 1666 1910 ἀποτείνεσθαι’.
1710 1874 1883 1919 Hartung

308 1927 459 1971 quidem
486 1927 587 1972 (edit.
622 1927 676 1962 El.
706 1931 796 1962 1850
829 1929 877 1963 ad
907 1939 940 1963 v.
969 1930 1026 1973 62)
1059 1927 1248 1962 constituit
1285 1927 1484 1972 significari
1523 1928 1668 1963 Ulixem
1709 1927 1884 1963 ‘welcher

307 1990 379 2015 von
405 1980 477 2015 den
502 1980 651 2016 Freiern
682 1981 740 2015 fiir
770 1983 824 2016 tot
854 1981 1038 2026 gehalten‚
1071 1981 1163 2016 eben
1196 1981 1310 2015 durch
1340 1981 1468 2016 diesen
1493 1980 1661 2016 Glauben
1687 1980 1880 2016 derselben

308 2033 347 2067 in
372 2034 443 2068 den
470 2033 583 2068 Stand
608 2035 748 2078 gesetzt
771 2035 896 2069 wurde
922 2035 976 2069 sie
1001 2046 1046 2068 zu
1070 2034 1282 2069 vernichten
1307 2034 1466 2082 maesto
1492 2035 1667 2078 groberen
1692 2034 1816 2068 Ruhm
1841 2045 1881 2068 u*

307 2086 402 2121 Ehre
427 2099 471 2121 zu
495 2087 719 2132 gewinnen',
746 2099 858 2131 quam
884 2088 1102 2123 sententiam
1127 2087 1261 2123 refelh't
1284 2087 1409 2121 Bruhn
1434 2098 1470 2131 p.
1498 2090 1578 2121 309.

356 2141 391 2183 2)
418 2151 531 2184 quam
556 2141 850 2175 coniunctionem
876 2152 960 2175 eum
980 2141 1222 2185 Orphicorum
1239 2140 1649 2185 Pythagoraeorumque
1673 2139 1810 2175 fabulis
1835 2150 1882 2174 ae

306 2192 436 2228 litteris
451 2195 653 2229 exstantem
670 2194 859 2238 praedicat
882 2194 984 2229 m‘sus
1009 2205 1099 2230 voce
1122 2194 1280 2235 πολλοὺς
1299 2194 1363 2229 καὶ
1382 2193 1525 2238 σοφούς
1550 2193 1661 2228 etiam
1680 2193 1880 2235 Biston-ich,

307 2245 453 2291 Nekyia
476 2258 513 2291 p.
536 2250 614 2283 128.

356 2301 390 2344 3)
417 2300 461 2334 cf.
487 2311 585 2334 nunc
609 2300 647 2335 P.
670 2300 835 2343 Oorssen,
862 2301 926 2336 der
952 2301 1083 2335 Abaris
1110 2301 1173 2336 des
1199 2300 1410 2335 Heraclides
1434 2299 1617 2343 Ponticus,
1645 2300 1703 2334 ein
1729 2299 1883 2345 Beitrag*

307 2364 370 2386 zur
394 2352 611 2388 Geschichte
637 2354 671 2388 d.
691 2353 1085 2398 Pythagoraslegende‚
1110 2354 1179 2389 Rh.
1198 2354 1246 2388 M.
1268 2357 1311 2388 67
1339 2354 1459 2398 (1912)
1483 2364 1520 2398 p.
1541 2357 1596 2387 44.

355 2407 392 2450 4)
416 2406 507 2441 haec
531 2418 598 2450 pro
627 2406 810 2452 Ζάλευχος
836 2408 973 2442 tradito
1000 2407 1208 2442 emendatio
1235 2408 1290 2442 est
1313 2406 1526 2441 certissima.

357 2460 391 2503 5)
417 2461 457 2493 ut
486 2460 676 2503 profitetur
706 2460 746 2494 Ε.
773 2460 902 2494 Rohde
939 2461 1046 2506 [Mus.
1071 2460 1188 2495 Rhen.
1213 2463 1259 2495 26
1287 2461 1409 2505 (1871)
1441 2471 1477 2503 p.
1511 2460 1612 2505 577]:
1651 2459 1727 2495 ‘die
1767 2461 1878 2495 danu-

308 2514 466 2556 gesetzte
493 2513 585 2558 [scil.
612 2514 660 2548 ad
680 2514 855 2558 scriptum
874 2513 1103 2558 Pythagorae
1129 2514 1175 2548 ab
1194 2513 1396 2557 Hermippo
1417 2516 1752 2556 commemoratum,
1777 2514 1878 2558 apud

308 2564 417 2610 Diog.
443 2565 559 2600 Laert.
586 2569 607 2600 8
614 2567 664 2613 41]
702 2566 870 2602 boshafte
906 2566 1122 2602 Geschichte
1157 2567 1206 2601 ist
1239 2567 1320 2601 eine
1353 2577 1425 2600 von
1458 2566 1637 2611 Hermipp
1675 2578 1881 2603 ersonnene

307 2617 461 2653 Parodie
487 2619 551 2653 der
570 2629 641 2654 von
661 2620 737 2654 Hdt
754 2623 815 2666 495
844 2631 879 2654 u.
900 2620 1175 2655 Ps-Hellanicus
1202 2619 1312 2665 (FHG
1330 2620 1346 2654 I
1364 2631 1400 2664 p.
1417 2621 1475 2665 69)
1501 2620 1683 2655 erzahlten
1707 2620 1787 2656 List
1811 2621 1880 2656 des

308 2671 518 2706 Zalmoxis'.
554 2672 665 2706 etiam
686 2673 919 2707 scholiastam
939 2674 1000 2717 (ad
1018 2673 1073 2708 El.
1095 2675 1165 2719 63),
1192 2685 1275 2708 cum
1293 2673 1538 2717 Pythagoram
1565 2675 1880 2716 commemoraret,

307 2725 526 2768 pependisse
552 2736 596 2759 ex
621 2725 813 2770 Hermippi
848 2726 1002 2770 parodia
1026 2726 1144 2762 elucet
1168 2738 1188 2761 e
1213 2726 1407 2762 verborum
1432 2737 1611 2761 consensu
1642 2727 1743 2771 apud
1766 2726 1875 2772 Diog.

306 2777 422 2813 Laert.
444 2781 524 2824 841;
561 2780 598 2812 et
631 2782 709 2813 arto
743 2779 889 2813 vinculo
925 2791 1008 2813 cum
1044 2779 1114 2814 ista
1138 2779 1358 2825 Pythagorei
1395 2779 1591 2814 descensus
1627 2779 1881 2816 ludificatione

307 2831 431 2865 iuncta
450 2834 504 2865 est
516 2831 603 2866 Hdti
635 2832 680 2866 de
694 2831 853 2866 Salmoxi
880 2832 1070 2867 historiola
1088 2833 1268 2877 (efissttig,
1297 2833 1424 2867 Acher.
1444 2844 1480 2876 p.
1502 2836 1570 2867 288
1578 2860 1591 2880 ³
1615 2835 1651 2868 et
1669 2833 1708 2868 P.
1723 2833 1878 2869 Corssen

305 2884 327 2917 l.
348 2883 371 2917 l.
391 2895 427 2927 p.
448 2887 492 2917 42
513 2885 566 2926 s.)-
