<?xml version="1.0" encoding="UTF-8"?>
<!DOCTYPE html PUBLIC "-//W3C//DTD XHTML 1.0 Transitional//EN"
    "http://www.w3.org/TR/xhtml1/DTD/xhtml1-transitional.dtd">
<html xmlns="http://www.w3.org/1999/xhtml" xml:lang="en" lang="en">
 <head>
  <title>
</title>
<meta http-equiv="Content-Type" content="text/html;charset=utf-8" />
  <meta name='ocr-system' content='tesseract 3.04.00' />
  <meta name='ocr-capabilities' content='ocr_page ocr_carea ocr_par ocr_line ocrx_word'/>
</head>
<body>
  <div class='ocr_page' id='page_1' title='image "./sophoclesquiddeb00rascuoft_0036.png"; bbox 0 0 2106 3320; ppageno 0'>
   <div class='ocr_carea' id='block_1_1' title="bbox 965 140 1262 182">
    <p class='ocr_par' dir='ltr' id='par_1_1' title="bbox 965 140 1262 182">
     <span class='ocr_line' id='line_1_1' title="bbox 965 140 1262 182; baseline 0.003 -12"><span class='ocrx_word' id='word_1_1' title='bbox 965 140 1262 182; x_wconf 73' lang='lat'>-26-</span> 
     </span>
    </p>
   </div>
   <div class='ocr_carea' id='block_1_2' title="bbox 311 254 1897 2333">
    <p class='ocr_par' dir='ltr' id='par_1_2' title="bbox 323 254 1897 642">
     <span class='ocr_line' id='line_1_2' title="bbox 324 254 1897 317; baseline 0.005 -19"><span class='ocrx_word' id='word_1_2' title='bbox 324 260 632 311; x_wconf 82' lang='lat' dir='ltr'>Agamemnonis</span> <span class='ocrx_word' id='word_1_3' title='bbox 651 254 804 312; x_wconf 83' lang='lat' dir='ltr'>prolem</span> <span class='ocrx_word' id='word_1_4' title='bbox 824 260 1003 311; x_wconf 85' lang='lat' dir='ltr'><strong>Aegisthi</strong></span> <span class='ocrx_word' id='word_1_5' title='bbox 1023 262 1235 313; x_wconf 89' lang='lat' dir='ltr'>imperium</span> <span class='ocrx_word' id='word_1_6' title='bbox 1255 263 1454 315; x_wconf 91' lang='lat' dir='ltr'>vitamque</span> <span class='ocrx_word' id='word_1_7' title='bbox 1474 265 1635 315; x_wconf 86' lang='lat' dir='ltr'>reginae</span> <span class='ocrx_word' id='word_1_8' title='bbox 1655 267 1787 317; x_wconf 83' lang='lat' dir='ltr'>appeti</span> <span class='ocrx_word' id='word_1_9' title='bbox 1806 277 1897 317; x_wconf 85' lang='lat' dir='ltr'>cog·</span> 
     </span>
     <span class='ocr_line' id='line_1_3' title="bbox 324 325 1897 383; baseline 0.005 -20"><span class='ocrx_word' id='word_1_10' title='bbox 324 327 523 364; x_wconf 86' lang='lat' dir='ltr'>noscitur:</span> <span class='ocrx_word' id='word_1_11' title='bbox 559 337 660 377; x_wconf 90' lang='lat' dir='ltr'>quae</span> <span class='ocrx_word' id='word_1_12' title='bbox 694 326 793 364; x_wconf 81' lang='lat' dir='ltr'>ratio</span> <span class='ocrx_word' id='word_1_13' title='bbox 827 325 1047 376; x_wconf 87' lang='lat' dir='ltr'>indaganda</span> <span class='ocrx_word' id='word_1_14' title='bbox 1079 338 1173 366; x_wconf 88' lang='lat' dir='ltr'>sane</span> <span class='ocrx_word' id='word_1_15' title='bbox 1205 326 1357 379; x_wconf 85' lang='lat' dir='ltr'>indiget</span> <span class='ocrx_word' id='word_1_16' title='bbox 1388 329 1662 382; x_wconf 81' lang='lat' dir='ltr'>interpretum,</span> <span class='ocrx_word' id='word_1_17' title='bbox 1698 332 1767 382; x_wconf 93' lang='lat' dir='ltr'>qui</span> <span class='ocrx_word' id='word_1_18' title='bbox 1793 330 1897 383; x_wconf 87' lang='lat' dir='ltr'>apud</span> 
     </span>
     <span class='ocr_line' id='line_1_4' title="bbox 323 390 1896 447; baseline 0.005 -19"><span class='ocrx_word' id='word_1_19' title='bbox 323 390 561 442; x_wconf 79' lang='lat' dir='ltr'>Aeschylum</span> <span class='ocrx_word' id='word_1_20' title='bbox 602 391 836 430; x_wconf 82' lang='lat' dir='ltr'>invocantur</span> <span class='ocrx_word' id='word_1_21' title='bbox 878 390 925 429; x_wconf 91' lang='lat' dir='ltr'>ad</span> <span class='ocrx_word' id='word_1_22' title='bbox 961 390 1209 442; x_wconf 87' lang='lat' dir='ltr'>perlucidum</span> <span class='ocrx_word' id='word_1_23' title='bbox 1245 392 1342 432; x_wconf 91' lang='lat' dir='ltr'>illud</span> <span class='ocrx_word' id='word_1_24' title='bbox 1380 394 1577 434; x_wconf 88' lang='lat' dir='ltr'>somnium</span> <span class='ocrx_word' id='word_1_25' title='bbox 1614 395 1896 447; x_wconf 89' lang='lat' dir='ltr'>inquirendum</span> 
     </span>
     <span class='ocr_line' id='line_1_5' title="bbox 326 451 1895 511; baseline 0.004 -17"><span class='ocrx_word' id='word_1_26' title='bbox 326 451 464 509; x_wconf 88' lang='lat' dir='ltr'>(Choe.</span> <span class='ocrx_word' id='word_1_27' title='bbox 488 452 543 495; x_wconf 86' lang='lat'>38</span> <span class='ocrx_word' id='word_1_28' title='bbox 560 451 643 509; x_wconf 86' lang='lat' dir='ltr'>ss.).</span> <span class='ocrx_word' id='word_1_29' title='bbox 671 455 769 495; x_wconf 90' lang='lat' dir='ltr'>tales</span> <span class='ocrx_word' id='word_1_30' title='bbox 797 460 928 495; x_wconf 90' lang='lat' dir='ltr'>autem</span> <span class='ocrx_word' id='word_1_31' title='bbox 955 457 1148 507; x_wconf 85' lang='lat' dir='ltr'>imagines</span> <span class='ocrx_word' id='word_1_32' title='bbox 1175 456 1366 497; x_wconf 89' lang='lat' dir='ltr'>obscurae</span> <span class='ocrx_word' id='word_1_33' title='bbox 1393 470 1438 498; x_wconf 91' lang='lat' dir='ltr'>ac</span> <span class='ocrx_word' id='word_1_34' title='bbox 1458 459 1712 511; x_wconf 79' lang='lat' dir='ltr'>scrupulosae</span> <span class='ocrx_word' id='word_1_35' title='bbox 1732 462 1895 501; x_wconf 88' lang='lat' dir='ltr'>minime</span> 
     </span>
     <span class='ocr_line' id='line_1_6' title="bbox 323 516 1895 578; baseline 0.004 -19"><span class='ocrx_word' id='word_1_36' title='bbox 323 520 468 560; x_wconf 88' lang='lat' dir='ltr'>decent</span> <span class='ocrx_word' id='word_1_37' title='bbox 500 521 641 560; x_wconf 86' lang='lat' dir='ltr'>famam</span> <span class='ocrx_word' id='word_1_38' title='bbox 675 520 906 572; x_wconf 89' lang='lat' dir='ltr'>popularem</span> <span class='ocrx_word' id='word_1_39' title='bbox 936 516 1093 574; x_wconf 83' lang='lat' dir='ltr'>(contra</span> <span class='ocrx_word' id='word_1_40' title='bbox 1126 521 1308 563; x_wconf 88' lang='lat' dir='ltr'>draconis</span> <span class='ocrx_word' id='word_1_41' title='bbox 1341 523 1599 564; x_wconf 89' lang='lat' dir='ltr'>simulacrum</span> <span class='ocrx_word' id='word_1_42' title='bbox 1626 530 1775 565; x_wconf 90' lang='lat' dir='ltr'>certam</span> <span class='ocrx_word' id='word_1_43' title='bbox 1799 538 1895 578; x_wconf 89' lang='lat' dir='ltr'>prae</span> 
     </span>
     <span class='ocr_line' id='line_1_7' title="bbox 324 582 1484 642; baseline 0.003 -18"><span class='ocrx_word' id='word_1_44' title='bbox 324 598 367 625; x_wconf 90' lang='lat' dir='ltr'>se</span> <span class='ocrx_word' id='word_1_45' title='bbox 396 586 474 626; x_wconf 89' lang='lat' dir='ltr'>fert</span> <span class='ocrx_word' id='word_1_46' title='bbox 498 582 775 642; x_wconf 39' lang='lat' dir='ltr'>vetustatem)</span> <span class='ocrx_word' id='word_1_47' title='bbox 794 585 863 626; x_wconf 92' lang='lat' dir='ltr'>sed</span> <span class='ocrx_word' id='word_1_48' title='bbox 888 586 1089 638; x_wconf 88' lang='lat' dir='ltr'>profectae</span> <span class='ocrx_word' id='word_1_49' title='bbox 1115 592 1208 626; x_wconf 92' lang='lat' dir='ltr'>sunt</span> <span class='ocrx_word' id='word_1_50' title='bbox 1233 600 1280 627; x_wconf 86' lang='lat' dir='ltr'>ex</span> <span class='ocrx_word' id='word_1_51' title='bbox 1306 588 1484 628; x_wconf 83' lang='lat' dir='ltr'>artificio.</span> 
     </span>
    </p>

    <p class='ocr_par' dir='ltr' id='par_1_3' title="bbox 318 651 1895 1359">
     <span class='ocr_line' id='line_1_8' title="bbox 384 651 1895 706; baseline 0.005 -17"><span class='ocrx_word' id='word_1_52' title='bbox 384 651 519 703; x_wconf 88' lang='lat' dir='ltr'>Itaque</span> <span class='ocrx_word' id='word_1_53' title='bbox 560 652 656 703; x_wconf 88' lang='lat' dir='ltr'>quin</span> <span class='ocrx_word' id='word_1_54' title='bbox 682 651 809 691; x_wconf 90' lang='lat' dir='ltr'>Hdtus</span> <span class='ocrx_word' id='word_1_55' title='bbox 835 651 910 691; x_wconf 93' lang='lat' dir='ltr'>hoc</span> <span class='ocrx_word' id='word_1_56' title='bbox 935 651 1021 691; x_wconf 93' lang='lat' dir='ltr'>loco</span> <span class='ocrx_word' id='word_1_57' title='bbox 1042 651 1375 704; x_wconf 83' lang='lat' dir='ltr'>Sophoclisuerit</span> <span class='ocrx_word' id='word_1_58' title='bbox 1401 654 1592 706; x_wconf 87' lang='lat' dir='ltr'>exemplo,</span> <span class='ocrx_word' id='word_1_59' title='bbox 1619 655 1791 695; x_wconf 89' lang='lat' dir='ltr'>dubitari</span> <span class='ocrx_word' id='word_1_60' title='bbox 1815 668 1895 696; x_wconf 91' lang='lat' dir='ltr'>non</span> 
     </span>
     <span class='ocr_line' id='line_1_9' title="bbox 322 716 1895 774; baseline 0.004 -19"><span class='ocrx_word' id='word_1_61' title='bbox 322 718 401 755; x_wconf 89' lang='lat' dir='ltr'>iam</span> <span class='ocrx_word' id='word_1_62' title='bbox 428 721 568 768; x_wconf 90' lang='lat' dir='ltr'>potest.</span> <span class='ocrx_word' id='word_1_63' title='bbox 605 729 705 768; x_wconf 90' lang='lat' dir='ltr'>quae</span> <span class='ocrx_word' id='word_1_64' title='bbox 732 718 831 756; x_wconf 87' lang='lat' dir='ltr'>ratio</span> <span class='ocrx_word' id='word_1_65' title='bbox 852 716 940 756; x_wconf 91' lang='lat' dir='ltr'>aliis</span> <span class='ocrx_word' id='word_1_66' title='bbox 961 729 1116 769; x_wconf 91' lang='lat' dir='ltr'>quoque</span> <span class='ocrx_word' id='word_1_67' title='bbox 1137 719 1381 769; x_wconf 82' lang='lat' dir='ltr'>argumentis</span> <span class='ocrx_word' id='word_1_68' title='bbox 1401 719 1631 772; x_wconf 82' lang='lat' dir='ltr'>affirmatur,</span> <span class='ocrx_word' id='word_1_69' title='bbox 1657 733 1895 774; x_wconf 88' lang='lat' dir='ltr'>quamquam</span> 
     </span>
     <span class='ocr_line' id='line_1_10' title="bbox 322 781 1895 838; baseline 0.004 -18"><span class='ocrx_word' id='word_1_70' title='bbox 322 782 365 820; x_wconf 92' lang='lat' dir='ltr'>in</span> <span class='ocrx_word' id='word_1_71' title='bbox 397 783 535 833; x_wconf 90' lang='lat' dir='ltr'>paucis</span> <span class='ocrx_word' id='word_1_72' title='bbox 568 781 646 820; x_wconf 91' lang='lat' dir='ltr'>illis</span> <span class='ocrx_word' id='word_1_73' title='bbox 679 781 811 821; x_wconf 88' lang='lat' dir='ltr'>verbis</span> <span class='ocrx_word' id='word_1_74' title='bbox 844 783 1040 821; x_wconf 89' lang='lat' dir='ltr'>sermonis</span> <span class='ocrx_word' id='word_1_75' title='bbox 1067 782 1347 823; x_wconf 88' lang='lat' dir='ltr'>similitudines</span> <span class='ocrx_word' id='word_1_76' title='bbox 1373 796 1452 824; x_wconf 92' lang='lat' dir='ltr'>non</span> <span class='ocrx_word' id='word_1_77' title='bbox 1478 790 1571 825; x_wconf 89' lang='lat' dir='ltr'>sunt</span> <span class='ocrx_word' id='word_1_78' title='bbox 1596 786 1895 838; x_wconf 85' lang='lat' dir='ltr'>exspectandae,</span> 
     </span>
     <span class='ocr_line' id='line_1_11' title="bbox 319 846 1895 902; baseline 0.004 -17"><span class='ocrx_word' id='word_1_79' title='bbox 319 848 402 886; x_wconf 86' lang='lat' dir='ltr'>nisi</span> <span class='ocrx_word' id='word_1_80' title='bbox 439 847 538 886; x_wconf 85' lang='lat' dir='ltr'>forte</span> <span class='ocrx_word' id='word_1_81' title='bbox 578 847 694 886; x_wconf 87' lang='lat' dir='ltr'>affers</span> <span class='ocrx_word' id='word_1_82' title='bbox 727 846 829 898; x_wconf 88' lang='lat' dir='ltr'>apud</span> <span class='ocrx_word' id='word_1_83' title='bbox 857 852 1070 899; x_wconf 90' lang='lat' dir='ltr'>utrumque</span> <span class='ocrx_word' id='word_1_84' title='bbox 1103 850 1295 900; x_wconf 88' lang='lat' dir='ltr'>scriptum</span> <span class='ocrx_word' id='word_1_85' title='bbox 1329 861 1416 889; x_wconf 91' lang='lat' dir='ltr'>esse</span> <span class='ocrx_word' id='word_1_86' title='bbox 1455 849 1534 902; x_wconf 83' lang='grc' dir='ltr'>τὴν</span> <span class='ocrx_word' id='word_1_87' title='bbox 1564 846 1712 902; x_wconf 82' lang='grc' dir='ltr'><strong><em>Ἀσίην</em></strong></span> <span class='ocrx_word' id='word_1_88' title='bbox 1749 854 1895 892; x_wconf 80' lang='grc' dir='ltr'><em>πᾶσαν</em></span> 
     </span>
     <span class='ocr_line' id='line_1_12' title="bbox 322 910 1895 966; baseline 0.004 -16"><span class='ocrx_word' id='word_1_89' title='bbox 322 913 404 951; x_wconf 89' lang='lat' dir='ltr'>sive</span> <span class='ocrx_word' id='word_1_90' title='bbox 436 915 582 951; x_wconf 84' lang='grc' dir='ltr'><em>πᾶσαν</em></span> <span class='ocrx_word' id='word_1_91' title='bbox 619 910 700 964; x_wconf 83' lang='grc' dir='ltr'>τὴν</span> <span class='ocrx_word' id='word_1_92' title='bbox 740 911 1016 964; x_wconf 83' lang='grc' dir='ltr'><strong><em>Μυκηναίων</em></strong></span> <span class='ocrx_word' id='word_1_93' title='bbox 1052 912 1217 966; x_wconf 75' lang='grc' dir='ltr'><em>χθόνα,</em></span> <span class='ocrx_word' id='word_1_94' title='bbox 1261 919 1378 966; x_wconf 92' lang='lat' dir='ltr'>atque</span> <span class='ocrx_word' id='word_1_95' title='bbox 1414 914 1579 955; x_wconf 91' lang='lat' dir='ltr'>eandem</span> <span class='ocrx_word' id='word_1_96' title='bbox 1617 915 1701 955; x_wconf 83' lang='lat' dir='ltr'>fere</span> <span class='ocrx_word' id='word_1_97' title='bbox 1740 921 1895 956; x_wconf 84' lang='lat' dir='ltr'>exstare</span> 
     </span>
     <span class='ocr_line' id='line_1_13' title="bbox 322 975 1895 1033; baseline 0.004 -18"><span class='ocrx_word' id='word_1_98' title='bbox 322 976 533 1016; x_wconf 89' lang='lat' dir='ltr'>verborum</span> <span class='ocrx_word' id='word_1_99' title='bbox 573 978 908 1017; x_wconf 87' lang='lat' dir='ltr'>constructionem</span> <span class='ocrx_word' id='word_1_100' title='bbox 945 975 1137 1029; x_wconf 90' lang='lat' dir='ltr'>(primum</span> <span class='ocrx_word' id='word_1_101' title='bbox 1179 981 1415 1019; x_wconf 89' lang='lat' dir='ltr'>sententiam</span> <span class='ocrx_word' id='word_1_102' title='bbox 1453 980 1714 1033; x_wconf 88' lang='lat' dir='ltr'>principalem</span> <span class='ocrx_word' id='word_1_103' title='bbox 1748 978 1895 1022; x_wconf 81' lang='grc' dir='ltr'><em>ἐδόκεε</em></span> 
     </span>
     <span class='ocr_line' id='line_1_14' title="bbox 321 1038 1895 1099; baseline 0.004 -18"><span class='ocrx_word' id='word_1_104' title='bbox 321 1038 375 1081; x_wconf 82' lang='grc' dir='ltr'>δέ</span> <span class='ocrx_word' id='word_1_105' title='bbox 410 1040 453 1082; x_wconf 81' lang='grc' dir='ltr'>οἱ</span> <span class='ocrx_word' id='word_1_106' title='bbox 489 1038 541 1082; x_wconf 81' lang='grc' dir='ltr'>ἐκ</span> <span class='ocrx_word' id='word_1_107' title='bbox 577 1047 667 1082; x_wconf 84' lang='grc' dir='ltr'>τῶν</span> <span class='ocrx_word' id='word_1_108' title='bbox 703 1041 888 1082; x_wconf 81' lang='grc' dir='ltr'><em>αἰδοίων</em></span> <span class='ocrx_word' id='word_1_109' title='bbox 931 1046 1072 1096; x_wconf 86' lang='grc' dir='ltr'><em>φῦναι</em></span> <span class='ocrx_word' id='word_1_110' title='bbox 1111 1042 1309 1096; x_wconf 77' lang='grc' dir='ltr'><em>ἄμπελον</em></span> <span class='ocrx_word' id='word_1_111' title='bbox 1346 1067 1404 1073; x_wconf 87' lang='lat'>—</span> <span class='ocrx_word' id='word_1_112' title='bbox 1442 1041 1497 1085; x_wconf 80' lang='grc' dir='ltr'>ἔκ</span> <span class='ocrx_word' id='word_1_113' title='bbox 1539 1059 1586 1086; x_wconf 85' lang='grc' dir='ltr'>τε</span> <span class='ocrx_word' id='word_1_114' title='bbox 1622 1045 1756 1087; x_wconf 80' lang='grc' dir='ltr'><em>τοῦδε</em></span> <span class='ocrx_word' id='word_1_115' title='bbox 1791 1046 1895 1099; x_wconf 81' lang='grc' dir='ltr'><em>βλα·</em></span> 
     </span>
     <span class='ocr_line' id='line_1_15' title="bbox 322 1104 1894 1165; baseline 0.004 -19"><span class='ocrx_word' id='word_1_116' title='bbox 322 1112 444 1147; x_wconf 86' lang='grc' dir='ltr'><em>στεῑν</em></span> <span class='ocrx_word' id='word_1_117' title='bbox 481 1107 671 1161; x_wconf 83' lang='grc' dir='ltr'><em>θαλλόν;</em></span> <span class='ocrx_word' id='word_1_118' title='bbox 709 1112 793 1147; x_wconf 89' lang='lat' dir='ltr'>tum</span> <span class='ocrx_word' id='word_1_119' title='bbox 825 1107 1066 1148; x_wconf 89' lang='lat' dir='ltr'>adiunctam:</span> <span class='ocrx_word' id='word_1_120' title='bbox 1099 1108 1180 1161; x_wconf 84' lang='grc' dir='ltr'>τὴν</span> <span class='ocrx_word' id='word_1_121' title='bbox 1211 1104 1259 1148; x_wconf 73' lang='grc' dir='ltr'>δὲ</span> <span class='ocrx_word' id='word_1_122' title='bbox 1285 1108 1480 1160; x_wconf 76' lang='grc' dir='ltr'><strong><em>ἄμπελον</em></strong></span> <span class='ocrx_word' id='word_1_123' title='bbox 1506 1106 1702 1164; x_wconf 70' lang='grc' dir='ltr'><em>ἐπισχεῖν</em></span> <span class='ocrx_word' id='word_1_124' title='bbox 1726 1110 1808 1165; x_wconf 83' lang='grc' dir='ltr'>τὴν</span> <span class='ocrx_word' id='word_1_125' title='bbox 1835 1133 1894 1140; x_wconf 93' lang='grc'><strong>-</strong></span> 
     </span>
     <span class='ocr_line' id='line_1_16' title="bbox 318 1163 1893 1228; baseline 0.004 -17"><span class='ocrx_word' id='word_1_126' title='bbox 318 1163 354 1228; x_wconf 77' lang='grc' dir='ltr'><em>ᾧ</em></span> <span class='ocrx_word' id='word_1_127' title='bbox 387 1170 626 1212; x_wconf 75' lang='grc' dir='ltr'><em>κατάσκιον</em></span> <span class='ocrx_word' id='word_1_128' title='bbox 664 1169 907 1226; x_wconf 76' lang='grc' dir='ltr'><em>γενέσθαι).</em></span> <span class='ocrx_word' id='word_1_129' title='bbox 947 1173 1112 1213; x_wconf 84' lang='lat' dir='ltr'>fortasse</span> <span class='ocrx_word' id='word_1_130' title='bbox 1145 1175 1263 1214; x_wconf 91' lang='lat' dir='ltr'>etiam</span> <span class='ocrx_word' id='word_1_131' title='bbox 1295 1175 1415 1215; x_wconf 88' lang='lat' dir='ltr'>verba</span> <span class='ocrx_word' id='word_1_132' title='bbox 1453 1172 1669 1228; x_wconf 81' lang='grc' dir='ltr'><em>ἐπισχεῖν</em></span> <span class='ocrx_word' id='word_1_133' title='bbox 1701 1182 1741 1217; x_wconf 91' lang='lat' dir='ltr'>et</span> <span class='ocrx_word' id='word_1_134' title='bbox 1764 1175 1893 1217; x_wconf 76' lang='grc' dir='ltr'><em>κατιέ-</em></span> 
     </span>
     <span class='ocr_line' id='line_1_17' title="bbox 320 1233 1892 1294; baseline 0.003 -18"><span class='ocrx_word' id='word_1_135' title='bbox 320 1233 503 1292; x_wconf 75' lang='grc' dir='ltr'><em>σκιονῙ)</em></span> <span class='ocrx_word' id='word_1_136' title='bbox 531 1238 744 1277; x_wconf 86' lang='lat' dir='ltr'>cohaerent</span> <span class='ocrx_word' id='word_1_137' title='bbox 768 1251 840 1290; x_wconf 90' lang='lat' dir='ltr'>per</span> <span class='ocrx_word' id='word_1_138' title='bbox 866 1251 1006 1278; x_wconf 91' lang='lat' dir='ltr'>sonum</span> <span class='ocrx_word' id='word_1_139' title='bbox 1037 1238 1278 1279; x_wconf 90' lang='lat' dir='ltr'>litterarum:</span> <span class='ocrx_word' id='word_1_140' title='bbox 1318 1253 1394 1292; x_wconf 89' lang='lat' dir='ltr'>qua</span> <span class='ocrx_word' id='word_1_141' title='bbox 1432 1253 1526 1280; x_wconf 89' lang='lat' dir='ltr'>voce</span> <span class='ocrx_word' id='word_1_142' title='bbox 1563 1247 1731 1294; x_wconf 91' lang='lat' dir='ltr'>utraque</span> <span class='ocrx_word' id='word_1_143' title='bbox 1767 1242 1892 1281; x_wconf 86' lang='lat' dir='ltr'>conti-</span> 
     </span>
     <span class='ocr_line' id='line_1_18' title="bbox 320 1305 1737 1359; baseline 0.004 -18"><span class='ocrx_word' id='word_1_144' title='bbox 320 1307 439 1342; x_wconf 86' lang='lat' dir='ltr'>netur</span> <span class='ocrx_word' id='word_1_145' title='bbox 466 1315 617 1342; x_wconf 91' lang='lat' dir='ltr'>summa</span> <span class='ocrx_word' id='word_1_146' title='bbox 645 1305 714 1342; x_wconf 91' lang='lat' dir='ltr'>rei.</span> <span class='ocrx_word' id='word_1_147' title='bbox 1736 1356 1737 1359; x_wconf 11' lang='grc' dir='ltr'><strong>Ἴ</strong></span> 
     </span>
    </p>

    <p class='ocr_par' dir='ltr' id='par_1_4' title="bbox 316 1367 1892 1944">
     <span class='ocr_line' id='line_1_19' title="bbox 380 1367 1889 1424; baseline 0.005 -18"><span class='ocrx_word' id='word_1_148' title='bbox 380 1368 546 1419; x_wconf 85' lang='lat' dir='ltr'>Imagini</span> <span class='ocrx_word' id='word_1_149' title='bbox 577 1380 670 1407; x_wconf 88' lang='lat' dir='ltr'>vero</span> <span class='ocrx_word' id='word_1_150' title='bbox 704 1381 751 1407; x_wconf 89' lang='lat' dir='ltr'>ex</span> <span class='ocrx_word' id='word_1_151' title='bbox 777 1368 871 1407; x_wconf 88' lang='lat' dir='ltr'>Hdti</span> <span class='ocrx_word' id='word_1_152' title='bbox 902 1367 1004 1408; x_wconf 90' lang='lat' dir='ltr'>libro</span> <span class='ocrx_word' id='word_1_153' title='bbox 1032 1374 1256 1421; x_wconf 85' lang='lat' dir='ltr'>assumptae</span> <span class='ocrx_word' id='word_1_154' title='bbox 1284 1370 1401 1423; x_wconf 91' lang='lat' dir='ltr'>Soph.</span> <span class='ocrx_word' id='word_1_155' title='bbox 1429 1384 1574 1411; x_wconf 91' lang='lat' dir='ltr'>novum</span> <span class='ocrx_word' id='word_1_156' title='bbox 1600 1371 1750 1412; x_wconf 89' lang='lat' dir='ltr'>addidit</span> <span class='ocrx_word' id='word_1_157' title='bbox 1775 1384 1889 1424; x_wconf 85' lang='lat' dir='ltr'>argu·</span> 
     </span>
     <span class='ocr_line' id='line_1_20' title="bbox 319 1430 1892 1489; baseline 0.003 -17"><span class='ocrx_word' id='word_1_158' title='bbox 319 1438 497 1472; x_wconf 90' lang='lat' dir='ltr'>mentum</span> <span class='ocrx_word' id='word_1_159' title='bbox 524 1445 582 1486; x_wconf 80' lang='lat' dir='ltr'>eo,</span> <span class='ocrx_word' id='word_1_160' title='bbox 609 1433 713 1485; x_wconf 92' lang='lat' dir='ltr'>quod</span> <span class='ocrx_word' id='word_1_161' title='bbox 739 1433 871 1485; x_wconf 86' lang='lat' dir='ltr'>Agam.</span> <span class='ocrx_word' id='word_1_162' title='bbox 898 1439 1101 1486; x_wconf 90' lang='lat' dir='ltr'>sceptrum</span> <span class='ocrx_word' id='word_1_163' title='bbox 1127 1447 1240 1474; x_wconf 91' lang='lat' dir='ltr'>suum</span> <span class='ocrx_word' id='word_1_164' title='bbox 1270 1436 1354 1475; x_wconf 79' lang='lat' dir='ltr'>foco</span> <span class='ocrx_word' id='word_1_165' title='bbox 1382 1437 1522 1489; x_wconf 85' lang='lat' dir='ltr'>infigit,</span> <span class='ocrx_word' id='word_1_166' title='bbox 1555 1449 1632 1489; x_wconf 95' lang='lat' dir='ltr'>quo</span> <span class='ocrx_word' id='word_1_167' title='bbox 1659 1430 1892 1489; x_wconf 87' lang='lat' dir='ltr'>argumento</span> 
     </span>
     <span class='ocr_line' id='line_1_21' title="bbox 316 1496 1892 1556; baseline 0.004 -20"><span class='ocrx_word' id='word_1_168' title='bbox 316 1497 520 1538; x_wconf 85' lang='lat' dir='ltr'>divellitur</span> <span class='ocrx_word' id='word_1_169' title='bbox 546 1500 699 1550; x_wconf 90' lang='lat' dir='ltr'>species</span> <span class='ocrx_word' id='word_1_170' title='bbox 721 1498 825 1550; x_wconf 86' lang='lat' dir='ltr'>apud</span> <span class='ocrx_word' id='word_1_171' title='bbox 844 1498 990 1538; x_wconf 91' lang='lat' dir='ltr'>Hdtum</span> <span class='ocrx_word' id='word_1_172' title='bbox 1012 1496 1229 1555; x_wconf 76' lang='lat' dir='ltr'>simplex.²)</span> <span class='ocrx_word' id='word_1_173' title='bbox 1263 1513 1336 1540; x_wconf 90' lang='lat' dir='ltr'>cur</span> <span class='ocrx_word' id='word_1_174' title='bbox 1356 1514 1435 1541; x_wconf 90' lang='lat' dir='ltr'>non</span> <span class='ocrx_word' id='word_1_175' title='bbox 1455 1503 1521 1554; x_wconf 80' lang='lat' dir='ltr'>ita,</span> <span class='ocrx_word' id='word_1_176' title='bbox 1547 1507 1592 1542; x_wconf 91' lang='lat' dir='ltr'>ut</span> <span class='ocrx_word' id='word_1_177' title='bbox 1611 1502 1714 1555; x_wconf 91' lang='lat' dir='ltr'>apud</span> <span class='ocrx_word' id='word_1_178' title='bbox 1733 1502 1892 1556; x_wconf 83' lang='lat' dir='ltr'>Hdtum,</span> 
     </span>
     <span class='ocr_line' id='line_1_22' title="bbox 319 1562 1891 1620; baseline 0.004 -19"><span class='ocrx_word' id='word_1_179' title='bbox 319 1562 438 1602; x_wconf 82' lang='lat' dir='ltr'>arhor</span> <span class='ocrx_word' id='word_1_180' title='bbox 470 1564 632 1615; x_wconf 89' lang='lat' dir='ltr'>fingitur</span> <span class='ocrx_word' id='word_1_181' title='bbox 662 1564 874 1615; x_wconf 88' lang='lat' dir='ltr'>prosiliens</span> <span class='ocrx_word' id='word_1_182' title='bbox 902 1577 922 1603; x_wconf 95' lang='lat' dir='ltr'>e</span> <span class='ocrx_word' id='word_1_183' title='bbox 949 1566 1099 1615; x_wconf 90' lang='lat' dir='ltr'>gremio</span> <span class='ocrx_word' id='word_1_184' title='bbox 1131 1564 1299 1606; x_wconf 77' lang='lat' dir='ltr'>uxoris?</span> <span class='ocrx_word' id='word_1_185' title='bbox 1345 1566 1450 1619; x_wconf 91' lang='lat' dir='ltr'>quod</span> <span class='ocrx_word' id='word_1_186' title='bbox 1483 1580 1527 1606; x_wconf 91' lang='lat' dir='ltr'>ea</span> <span class='ocrx_word' id='word_1_187' title='bbox 1553 1569 1686 1620; x_wconf 88' lang='lat' dir='ltr'>specie</span> <span class='ocrx_word' id='word_1_188' title='bbox 1712 1580 1891 1609; x_wconf 86' lang='lat' dir='ltr'>summus</span> 
     </span>
     <span class='ocr_line' id='line_1_23' title="bbox 318 1626 1890 1685; baseline 0.004 -18"><span class='ocrx_word' id='word_1_189' title='bbox 318 1630 458 1668; x_wconf 89' lang='lat' dir='ltr'>matris</span> <span class='ocrx_word' id='word_1_190' title='bbox 484 1629 611 1668; x_wconf 90' lang='lat' dir='ltr'>honor</span> <span class='ocrx_word' id='word_1_191' title='bbox 637 1630 939 1680; x_wconf 87' lang='lat' dir='ltr'>significaretur.</span> <span class='ocrx_word' id='word_1_192' title='bbox 976 1626 1183 1682; x_wconf 79' lang='lat' dir='ltr'>sceptrum&#39;</span> <span class='ocrx_word' id='word_1_193' title='bbox 1205 1636 1336 1671; x_wconf 89' lang='lat' dir='ltr'>autem</span> <span class='ocrx_word' id='word_1_194' title='bbox 1358 1632 1525 1672; x_wconf 87' lang='lat' dir='ltr'>fortasse</span> <span class='ocrx_word' id='word_1_195' title='bbox 1544 1633 1768 1685; x_wconf 85' lang='lat' dir='ltr'>profectum</span> <span class='ocrx_word' id='word_1_196' title='bbox 1788 1638 1850 1673; x_wconf 91' lang='lat' dir='ltr'>est</span> <span class='ocrx_word' id='word_1_197' title='bbox 1869 1645 1890 1674; x_wconf 89' lang='lat' dir='ltr'>e</span> 
     </span>
     <span class='ocr_line' id='line_1_24' title="bbox 316 1693 1891 1751; baseline 0.004 -19"><span class='ocrx_word' id='word_1_198' title='bbox 316 1693 439 1733; x_wconf 88' lang='lat' dir='ltr'>verbo</span> <span class='ocrx_word' id='word_1_199' title='bbox 458 1693 584 1734; x_wconf 91' lang='lat' dir='ltr'>Hdteo</span> <span class='ocrx_word' id='word_1_200' title='bbox 605 1693 897 1746; x_wconf 83' lang='grc' dir='ltr'><em>βασιλεύσειν.</em></span> <span class='ocrx_word' id='word_1_201' title='bbox 919 1694 1060 1734; x_wconf 90' lang='lat' dir='ltr'>arbore</span> <span class='ocrx_word' id='word_1_202' title='bbox 1075 1694 1233 1746; x_wconf 91' lang='lat' dir='ltr'>quidem</span> <span class='ocrx_word' id='word_1_203' title='bbox 1255 1695 1321 1735; x_wconf 91' lang='lat' dir='ltr'>illa</span> <span class='ocrx_word' id='word_1_204' title='bbox 1341 1697 1464 1737; x_wconf 89' lang='lat' dir='ltr'>semel</span> <span class='ocrx_word' id='word_1_205' title='bbox 1478 1699 1607 1749; x_wconf 90' lang='lat' dir='ltr'>posita</span> <span class='ocrx_word' id='word_1_206' title='bbox 1625 1710 1822 1751; x_wconf 85' lang='lat' dir='ltr'>nusquam</span> <span class='ocrx_word' id='word_1_207' title='bbox 1841 1698 1891 1738; x_wconf 91' lang='lat' dir='ltr'>ad</span> 
     </span>
     <span class='ocr_line' id='line_1_25' title="bbox 316 1759 1890 1814; baseline 0.004 -16"><span class='ocrx_word' id='word_1_208' title='bbox 316 1759 500 1799; x_wconf 88' lang='lat' dir='ltr'>traditam</span> <span class='ocrx_word' id='word_1_209' title='bbox 522 1761 623 1799; x_wconf 91' lang='lat' dir='ltr'>viam</span> <span class='ocrx_word' id='word_1_210' title='bbox 644 1765 728 1799; x_wconf 89' lang='lat' dir='ltr'>erat</span> <span class='ocrx_word' id='word_1_211' title='bbox 747 1759 911 1812; x_wconf 77' lang='lat' dir='ltr'>reditus,</span> <span class='ocrx_word' id='word_1_212' title='bbox 936 1766 981 1800; x_wconf 91' lang='lat' dir='ltr'>ut</span> <span class='ocrx_word' id='word_1_213' title='bbox 1006 1773 1053 1799; x_wconf 89' lang='lat' dir='ltr'>ex</span> <span class='ocrx_word' id='word_1_214' title='bbox 1076 1772 1204 1811; x_wconf 91' lang='lat' dir='ltr'>angue</span> <span class='ocrx_word' id='word_1_215' title='bbox 1224 1767 1461 1813; x_wconf 86' lang='lat' dir='ltr'>procreetur</span> <span class='ocrx_word' id='word_1_216' title='bbox 1486 1765 1638 1814; x_wconf 86' lang='lat' dir='ltr'>anguis.</span> <span class='ocrx_word' id='word_1_217' title='bbox 1664 1763 1739 1803; x_wconf 89' lang='lat' dir='ltr'>hoc</span> <span class='ocrx_word' id='word_1_218' title='bbox 1757 1769 1890 1804; x_wconf 91' lang='lat' dir='ltr'>autem</span> 
     </span>
     <span class='ocr_line' id='line_1_26' title="bbox 316 1824 1890 1879; baseline 0.004 -16"><span class='ocrx_word' id='word_1_219' title='bbox 316 1830 471 1864; x_wconf 90' lang='lat' dir='ltr'>certum</span> <span class='ocrx_word' id='word_1_220' title='bbox 505 1831 580 1864; x_wconf 89' lang='lat' dir='ltr'>est:</span> <span class='ocrx_word' id='word_1_221' title='bbox 612 1824 708 1864; x_wconf 89' lang='lat' dir='ltr'>illud</span> <span class='ocrx_word' id='word_1_222' title='bbox 740 1825 964 1876; x_wconf 91' lang='lat' dir='ltr'>prodigium</span> <span class='ocrx_word' id='word_1_223' title='bbox 996 1825 1119 1864; x_wconf 91' lang='lat' dir='ltr'>multo</span> <span class='ocrx_word' id='word_1_224' title='bbox 1156 1826 1299 1865; x_wconf 91' lang='lat' dir='ltr'>melius</span> <span class='ocrx_word' id='word_1_225' title='bbox 1333 1827 1527 1879; x_wconf 89' lang='lat' dir='ltr'>quadrare</span> <span class='ocrx_word' id='word_1_226' title='bbox 1561 1828 1609 1868; x_wconf 91' lang='lat' dir='ltr'>ad</span> <span class='ocrx_word' id='word_1_227' title='bbox 1636 1828 1890 1869; x_wconf 88' lang='lat' dir='ltr'>condiciones</span> 
     </span>
     <span class='ocr_line' id='line_1_27' title="bbox 316 1889 1888 1944; baseline 0.004 -16"><span class='ocrx_word' id='word_1_228' title='bbox 316 1889 476 1942; x_wconf 81' lang='lat' dir='ltr'>Hdteas,</span> <span class='ocrx_word' id='word_1_229' title='bbox 503 1891 649 1942; x_wconf 88' lang='lat' dir='ltr'>quippe</span> <span class='ocrx_word' id='word_1_230' title='bbox 676 1890 819 1942; x_wconf 88' lang='lat' dir='ltr'>quibus</span> <span class='ocrx_word' id='word_1_231' title='bbox 839 1895 965 1929; x_wconf 89' lang='lat' dir='ltr'>mater</span> <span class='ocrx_word' id='word_1_232' title='bbox 990 1902 1039 1929; x_wconf 93' lang='lat' dir='ltr'>ne</span> <span class='ocrx_word' id='word_1_233' title='bbox 1060 1892 1226 1930; x_wconf 89' lang='lat' dir='ltr'>minime</span> <span class='ocrx_word' id='word_1_234' title='bbox 1247 1891 1406 1943; x_wconf 88' lang='lat' dir='ltr'>quidem</span> <span class='ocrx_word' id='word_1_235' title='bbox 1432 1893 1473 1931; x_wconf 91' lang='lat' dir='ltr'>in</span> <span class='ocrx_word' id='word_1_236' title='bbox 1498 1893 1675 1944; x_wconf 89' lang='lat' dir='ltr'>periculo</span> <span class='ocrx_word' id='word_1_237' title='bbox 1696 1898 1888 1934; x_wconf 86' lang='lat' dir='ltr'>versetur.</span> 
     </span>
    </p>

    <p class='ocr_par' dir='ltr' id='par_1_5' title="bbox 311 1954 1887 2333">
     <span class='ocr_line' id='line_1_28' title="bbox 376 1954 1885 2009; baseline 0.004 -16"><span class='ocrx_word' id='word_1_238' title='bbox 376 1954 478 2006; x_wconf 88' lang='lat' dir='ltr'>Ergo</span> <span class='ocrx_word' id='word_1_239' title='bbox 505 1954 688 1994; x_wconf 89' lang='lat' dir='ltr'>omnibus</span> <span class='ocrx_word' id='word_1_240' title='bbox 714 1954 944 2006; x_wconf 80' lang='lat' dir='ltr'>rationibus,</span> <span class='ocrx_word' id='word_1_241' title='bbox 969 1960 1014 1994; x_wconf 91' lang='lat' dir='ltr'>ut</span> <span class='ocrx_word' id='word_1_242' title='bbox 1033 1955 1267 2007; x_wconf 90' lang='lat' dir='ltr'>Sophoclem</span> <span class='ocrx_word' id='word_1_243' title='bbox 1294 1969 1411 1996; x_wconf 89' lang='lat' dir='ltr'>suam</span> <span class='ocrx_word' id='word_1_244' title='bbox 1452 1957 1757 2009; x_wconf 82' lang='lat' dir='ltr'>Clytaemestrae</span> <span class='ocrx_word' id='word_1_245' title='bbox 1784 1971 1885 1999; x_wconf 90' lang='lat' dir='ltr'>som·</span> 
     </span>
     <span class='ocr_line' id='line_1_29' title="bbox 311 2019 1887 2077; baseline 0.004 -19"><span class='ocrx_word' id='word_1_246' title='bbox 311 2021 354 2058; x_wconf 90' lang='lat' dir='ltr'>ni</span> <span class='ocrx_word' id='word_1_247' title='bbox 381 2019 547 2060; x_wconf 85' lang='lat' dir='ltr'>formam</span> <span class='ocrx_word' id='word_1_248' title='bbox 571 2021 815 2072; x_wconf 88' lang='lat' dir='ltr'>prompsisse</span> <span class='ocrx_word' id='word_1_249' title='bbox 836 2033 883 2059; x_wconf 87' lang='lat' dir='ltr'>ex</span> <span class='ocrx_word' id='word_1_250' title='bbox 904 2019 996 2059; x_wconf 89' lang='lat' dir='ltr'>Hdti</span> <span class='ocrx_word' id='word_1_251' title='bbox 1015 2020 1194 2060; x_wconf 89' lang='lat' dir='ltr'>historiis</span> <span class='ocrx_word' id='word_1_252' title='bbox 1215 2023 1521 2077; x_wconf 76' lang='lat' dir='ltr'>constituamuS,</span> <span class='ocrx_word' id='word_1_253' title='bbox 1541 2022 1786 2063; x_wconf 87' lang='lat' dir='ltr'>adducimur.</span> <span class='ocrx_word' id='word_1_254' title='bbox 1831 2029 1887 2064; x_wconf 88' lang='lat' dir='ltr'>at-</span> 
     </span>
     <span class='ocr_line' id='line_1_30' title="bbox 315 2085 1886 2140; baseline 0.003 -16"><span class='ocrx_word' id='word_1_255' title='bbox 315 2086 383 2136; x_wconf 90' lang='lat' dir='ltr'>qui</span> <span class='ocrx_word' id='word_1_256' title='bbox 419 2086 496 2124; x_wconf 89' lang='lat' dir='ltr'>iam</span> <span class='ocrx_word' id='word_1_257' title='bbox 534 2085 640 2124; x_wconf 91' lang='lat' dir='ltr'>aliud</span> <span class='ocrx_word' id='word_1_258' title='bbox 675 2090 952 2136; x_wconf 85' lang='lat' dir='ltr'>argumentum</span> <span class='ocrx_word' id='word_1_259' title='bbox 988 2091 1127 2125; x_wconf 85' lang='lat' dir='ltr'>restat:</span> <span class='ocrx_word' id='word_1_260' title='bbox 1165 2088 1315 2125; x_wconf 91' lang='lat' dir='ltr'>etenim</span> <span class='ocrx_word' id='word_1_261' title='bbox 1355 2087 1585 2139; x_wconf 84' lang='lat' dir='ltr'>Euripides,</span> <span class='ocrx_word' id='word_1_262' title='bbox 1626 2087 1732 2128; x_wconf 92' lang='lat' dir='ltr'>unde</span> <span class='ocrx_word' id='word_1_263' title='bbox 1769 2088 1886 2140; x_wconf 92' lang='lat' dir='ltr'>Soph.</span> 
     </span>
     <span class='ocr_line' id='line_1_31' title="bbox 315 2148 1886 2207; baseline 0.003 -18"><span class='ocrx_word' id='word_1_264' title='bbox 315 2152 554 2202; x_wconf 89' lang='lat' dir='ltr'>sumpsisset</span> <span class='ocrx_word' id='word_1_265' title='bbox 578 2151 685 2190; x_wconf 91' lang='lat' dir='ltr'>illam</span> <span class='ocrx_word' id='word_1_266' title='bbox 711 2150 900 2202; x_wconf 83' lang='lat' dir='ltr'>fabulam,</span> <span class='ocrx_word' id='word_1_267' title='bbox 926 2152 1011 2190; x_wconf 89' lang='lat' dir='ltr'>sine</span> <span class='ocrx_word' id='word_1_268' title='bbox 1040 2150 1162 2190; x_wconf 90' lang='lat' dir='ltr'>dubio</span> <span class='ocrx_word' id='word_1_269' title='bbox 1191 2151 1295 2190; x_wconf 90' lang='lat' dir='ltr'>haud</span> <span class='ocrx_word' id='word_1_270' title='bbox 1322 2148 1581 2207; x_wconf 77' lang='lat' dir='ltr'>ignorabat.⁸)</span> <span class='ocrx_word' id='word_1_271' title='bbox 1632 2154 1686 2192; x_wconf 85' lang='lat' dir='ltr'>ita</span> <span class='ocrx_word' id='word_1_272' title='bbox 1713 2155 1798 2205; x_wconf 88' lang='lat' dir='ltr'>ipse</span> <span class='ocrx_word' id='word_1_273' title='bbox 1821 2165 1886 2206; x_wconf 89' lang='lat' dir='ltr'>ag-</span> 
     </span>
     <span class='ocr_line' id='line_1_32' title="bbox 313 2214 1881 2270; baseline 0.003 -16"><span class='ocrx_word' id='word_1_274' title='bbox 313 2227 477 2266; x_wconf 84' lang='lat' dir='ltr'>gressus</span> <span class='ocrx_word' id='word_1_275' title='bbox 498 2215 545 2255; x_wconf 92' lang='lat' dir='ltr'>ad</span> <span class='ocrx_word' id='word_1_276' title='bbox 571 2216 683 2255; x_wconf 93' lang='lat' dir='ltr'>illum</span> <span class='ocrx_word' id='word_1_277' title='bbox 709 2216 839 2255; x_wconf 91' lang='lat' dir='ltr'>locum</span> <span class='ocrx_word' id='word_1_278' title='bbox 858 2216 1029 2255; x_wconf 87' lang='lat' dir='ltr'>Hdteum</span> <span class='ocrx_word' id='word_1_279' title='bbox 1055 2218 1272 2269; x_wconf 89' lang='lat' dir='ltr'>assumpsit</span> <span class='ocrx_word' id='word_1_280' title='bbox 1297 2229 1318 2256; x_wconf 92' lang='lat' dir='ltr'>e</span> <span class='ocrx_word' id='word_1_281' title='bbox 1345 2229 1427 2269; x_wconf 90' lang='lat' dir='ltr'>cap.</span> <span class='ocrx_word' id='word_1_282' title='bbox 1452 2214 1548 2270; x_wconf 86' lang='lat'><strong>107,</strong></span> <span class='ocrx_word' id='word_1_283' title='bbox 1574 2218 1616 2256; x_wconf 90' lang='lat' dir='ltr'>in</span> <span class='ocrx_word' id='word_1_284' title='bbox 1637 2230 1713 2270; x_wconf 88' lang='lat' dir='ltr'>quo</span> <span class='ocrx_word' id='word_1_285' title='bbox 1740 2218 1881 2258; x_wconf 84' lang='lat' dir='ltr'>funda-</span> 
     </span>
     <span class='ocr_line' id='line_1_33' title="bbox 312 2281 1875 2333; baseline 0.003 -14"><span class='ocrx_word' id='word_1_286' title='bbox 312 2286 445 2319; x_wconf 90' lang='lat' dir='ltr'>mento</span> <span class='ocrx_word' id='word_1_287' title='bbox 474 2286 696 2321; x_wconf 87' lang='lat' dir='ltr'>exstrueret</span> <span class='ocrx_word' id='word_1_288' title='bbox 721 2294 832 2321; x_wconf 84' lang='lat' dir='ltr'>suam</span> <span class='ocrx_word' id='word_1_289' title='bbox 853 2281 1030 2321; x_wconf 85' lang='lat' dir='ltr'>Electrae</span> <span class='ocrx_word' id='word_1_290' title='bbox 1057 2281 1309 2333; x_wconf 88' lang='lat' dir='ltr'>tragoediam.</span> <span class='ocrx_word' id='word_1_291' title='bbox 1353 2282 1420 2321; x_wconf 92' lang='lat' dir='ltr'>illo</span> <span class='ocrx_word' id='word_1_292' title='bbox 1447 2283 1553 2322; x_wconf 88' lang='lat' dir='ltr'>enim</span> <span class='ocrx_word' id='word_1_293' title='bbox 1572 2282 1762 2323; x_wconf 90' lang='lat' dir='ltr'>historiae</span> <span class='ocrx_word' id='word_1_294' title='bbox 1781 2296 1875 2324; x_wconf 88' lang='lat' dir='ltr'>con-</span> 
     </span>
    </p>
   </div>
   <div class='ocr_carea' id='block_1_3' title="bbox 304 2402 1882 2927">
    <p class='ocr_par' dir='ltr' id='par_1_6' title="bbox 312 2402 1882 2543">
     <span class='ocr_line' id='line_1_34' title="bbox 375 2402 1882 2450; baseline 0.003 -14"><span class='ocrx_word' id='word_1_295' title='bbox 375 2403 408 2446; x_wconf 86' lang='lat'>1)</span> <span class='ocrx_word' id='word_1_296' title='bbox 435 2402 478 2436; x_wconf 88' lang='lat' dir='ltr'>cf.</span> <span class='ocrx_word' id='word_1_297' title='bbox 498 2402 749 2445; x_wconf 78' lang='lat' dir='ltr'>Meisterhans‚</span> <span class='ocrx_word' id='word_1_298' title='bbox 769 2402 929 2438; x_wconf 84' lang='lat' dir='ltr'>Gramm.</span> <span class='ocrx_word' id='word_1_299' title='bbox 951 2403 986 2437; x_wconf 92' lang='lat' dir='ltr'>d.</span> <span class='ocrx_word' id='word_1_300' title='bbox 1006 2404 1068 2437; x_wconf 73' lang='lat' dir='ltr'>att.</span> <span class='ocrx_word' id='word_1_301' title='bbox 1089 2402 1328 2438; x_wconf 79' lang='lat' dir='ltr'>Inschriften³</span> <span class='ocrx_word' id='word_1_302' title='bbox 1350 2406 1439 2438; x_wconf 89' lang='grc'>1900</span> <span class='ocrx_word' id='word_1_303' title='bbox 1459 2415 1495 2447; x_wconf 87' lang='lat' dir='ltr'>p.</span> <span class='ocrx_word' id='word_1_304' title='bbox 1509 2407 1592 2450; x_wconf 61' lang='lat'>768:</span> <span class='ocrx_word' id='word_1_305' title='bbox 1623 2404 1703 2439; x_wconf 80' lang='lat' dir='ltr'>‘der</span> <span class='ocrx_word' id='word_1_306' title='bbox 1722 2404 1882 2440; x_wconf 82' lang='lat' dir='ltr'>Wandel</span> 
     </span>
     <span class='ocr_line' id='line_1_35' title="bbox 312 2455 1882 2503; baseline 0.003 -15"><span class='ocrx_word' id='word_1_307' title='bbox 312 2465 385 2489; x_wconf 80' lang='lat' dir='ltr'>von</span> <span class='ocrx_word' id='word_1_308' title='bbox 411 2468 431 2489; x_wconf 85' lang='grc' dir='ltr'>κ</span> <span class='ocrx_word' id='word_1_309' title='bbox 457 2455 496 2488; x_wconf 88' lang='lat' dir='ltr'>in</span> <span class='ocrx_word' id='word_1_310' title='bbox 521 2469 542 2500; x_wconf 87' lang='grc' dir='ltr'><em>χ</em></span> <span class='ocrx_word' id='word_1_311' title='bbox 567 2456 644 2489; x_wconf 90' lang='lat' dir='ltr'>und</span> <span class='ocrx_word' id='word_1_312' title='bbox 668 2469 689 2501; x_wconf 85' lang='grc' dir='ltr'><em>χ</em></span> <span class='ocrx_word' id='word_1_313' title='bbox 715 2456 753 2489; x_wconf 89' lang='lat' dir='ltr'>in</span> <span class='ocrx_word' id='word_1_314' title='bbox 779 2469 800 2490; x_wconf 80' lang='grc' dir='ltr'><strong><em>κ</em></strong></span> <span class='ocrx_word' id='word_1_315' title='bbox 826 2456 979 2491; x_wconf 80' lang='lat' dir='ltr'>schliesst</span> <span class='ocrx_word' id='word_1_316' title='bbox 1009 2455 1251 2500; x_wconf 79' lang='lat' dir='ltr'>spirantisohe</span> <span class='ocrx_word' id='word_1_317' title='bbox 1276 2455 1437 2501; x_wconf 76' lang='lat' dir='ltr'>Geltung</span> <span class='ocrx_word' id='word_1_318' title='bbox 1466 2467 1538 2491; x_wconf 85' lang='lat' dir='ltr'>von</span> <span class='ocrx_word' id='word_1_319' title='bbox 1572 2471 1594 2503; x_wconf 86' lang='grc' dir='ltr'><strong><em>χ</em></strong></span> <span class='ocrx_word' id='word_1_320' title='bbox 1618 2458 1676 2492; x_wconf 82' lang='lat' dir='ltr'>fiir</span> <span class='ocrx_word' id='word_1_321' title='bbox 1701 2457 1763 2493; x_wconf 89' lang='lat' dir='ltr'>die</span> <span class='ocrx_word' id='word_1_322' title='bbox 1786 2458 1882 2493; x_wconf 83' lang='lat' dir='ltr'>klas-</span> 
     </span>
     <span class='ocr_line' id='line_1_36' title="bbox 312 2507 653 2543; baseline 0.003 -2"><span class='ocrx_word' id='word_1_323' title='bbox 312 2507 432 2542; x_wconf 83' lang='lat' dir='ltr'>sische</span> <span class='ocrx_word' id='word_1_324' title='bbox 458 2508 536 2543; x_wconf 88' lang='lat' dir='ltr'>Zeit</span> <span class='ocrx_word' id='word_1_325' title='bbox 560 2509 653 2543; x_wconf 88' lang='lat' dir='ltr'>aus’.</span> 
     </span>
    </p>

    <p class='ocr_par' dir='ltr' id='par_1_7' title="bbox 310 2560 1878 2657">
     <span class='ocr_line' id='line_1_37' title="bbox 372 2560 1878 2607; baseline 0.003 -12"><span class='ocrx_word' id='word_1_326' title='bbox 372 2562 407 2606; x_wconf 78' lang='lat'>2)</span> <span class='ocrx_word' id='word_1_327' title='bbox 433 2560 519 2595; x_wconf 87' lang='lat' dir='ltr'>huic</span> <span class='ocrx_word' id='word_1_328' title='bbox 550 2562 683 2605; x_wconf 64' lang='lat' dir='ltr'>sceptri</span> <span class='ocrx_word' id='word_1_329' title='bbox 713 2562 976 2597; x_wconf 81' lang='lat' dir='ltr'>frondescentis</span> <span class='ocrx_word' id='word_1_330' title='bbox 1008 2562 1163 2607; x_wconf 79' lang='lat' dir='ltr'>imagini</span> <span class='ocrx_word' id='word_1_331' title='bbox 1189 2562 1343 2597; x_wconf 85' lang='lat' dir='ltr'>conferri</span> <span class='ocrx_word' id='word_1_332' title='bbox 1368 2564 1488 2607; x_wconf 78' lang='lat' dir='ltr'>potest</span> <span class='ocrx_word' id='word_1_333' title='bbox 1514 2563 1667 2599; x_wconf 87' lang='lat' dir='ltr'>Achillis</span> <span class='ocrx_word' id='word_1_334' title='bbox 1694 2563 1878 2599; x_wconf 84' lang='lat' dir='ltr'>iusiuran-</span> 
     </span>
     <span class='ocr_line' id='line_1_38' title="bbox 310 2614 741 2657; baseline 0.009 -10"><span class='ocrx_word' id='word_1_335' title='bbox 310 2614 415 2657; x_wconf 86' lang='lat' dir='ltr'>dum,</span> <span class='ocrx_word' id='word_1_336' title='bbox 435 2614 542 2651; x_wconf 90' lang='lat' dir='ltr'>Hom.</span> <span class='ocrx_word' id='word_1_337' title='bbox 562 2615 600 2649; x_wconf 90' lang='lat'>11.</span> <span class='ocrx_word' id='word_1_338' title='bbox 622 2614 741 2652; x_wconf 82' lang='lat' dir='ltr'><strong>A234.</strong></span> 
     </span>
    </p>

    <p class='ocr_par' dir='ltr' id='par_1_8' title="bbox 304 2667 1882 2927">
     <span class='ocr_line' id='line_1_39' title="bbox 376 2667 1882 2712; baseline 0.002 -11"><span class='ocrx_word' id='word_1_339' title='bbox 376 2669 413 2711; x_wconf 88' lang='lat'>3)</span> <span class='ocrx_word' id='word_1_340' title='bbox 439 2667 506 2702; x_wconf 86' lang='lat' dir='ltr'>etsi</span> <span class='ocrx_word' id='word_1_341' title='bbox 533 2667 612 2711; x_wconf 84' lang='lat' dir='ltr'>ipse</span> <span class='ocrx_word' id='word_1_342' title='bbox 636 2668 786 2702; x_wconf 80' lang='lat' dir='ltr'>revertit</span> <span class='ocrx_word' id='word_1_343' title='bbox 805 2669 851 2702; x_wconf 85' lang='lat' dir='ltr'>ad</span> <span class='ocrx_word' id='word_1_344' title='bbox 870 2668 1030 2712; x_wconf 84' lang='lat' dir='ltr'>priorem</span> <span class='ocrx_word' id='word_1_345' title='bbox 1051 2668 1168 2703; x_wconf 86' lang='lat' dir='ltr'>somni</span> <span class='ocrx_word' id='word_1_346' title='bbox 1187 2669 1354 2712; x_wconf 84' lang='lat' dir='ltr'>formam,</span> <span class='ocrx_word' id='word_1_347' title='bbox 1381 2681 1465 2703; x_wconf 89' lang='lat' dir='ltr'>cum</span> <span class='ocrx_word' id='word_1_348' title='bbox 1485 2670 1673 2704; x_wconf 81' lang='lat' dir='ltr'>exhiberet</span> <span class='ocrx_word' id='word_1_349' title='bbox 1691 2670 1737 2704; x_wconf 86' lang='lat' dir='ltr'>de</span> <span class='ocrx_word' id='word_1_350' title='bbox 1756 2669 1882 2705; x_wconf 77' lang='lat' dir='ltr'>Oreste</span> 
     </span>
     <span class='ocr_line' id='line_1_40' title="bbox 309 2719 1879 2768; baseline 0.003 -14"><span class='ocrx_word' id='word_1_351' title='bbox 309 2719 385 2764; x_wconf 88' lang='lat' dir='ltr'>(Or.</span> <span class='ocrx_word' id='word_1_352' title='bbox 407 2725 475 2756; x_wconf 85' lang='grc'>479</span> <span class='ocrx_word' id='word_1_353' title='bbox 496 2722 673 2763; x_wconf 80' lang='lat' dir='ltr'>et1423):</span> <span class='ocrx_word' id='word_1_354' title='bbox 701 2720 720 2756; x_wconf 87' lang='grc' dir='ltr'><strong><em>ὁ</em></strong></span> <span class='ocrx_word' id='word_1_355' title='bbox 747 2720 1004 2766; x_wconf 82' lang='grc' dir='ltr'><em>μητροφόντης</em></span> <span class='ocrx_word' id='word_1_356' title='bbox 1030 2721 1180 2765; x_wconf 78' lang='grc' dir='ltr'><em>δράκων</em></span> <span class='ocrx_word' id='word_1_357' title='bbox 1205 2724 1241 2757; x_wconf 80' lang='lat' dir='ltr'>et</span> <span class='ocrx_word' id='word_1_358' title='bbox 1266 2723 1311 2757; x_wconf 89' lang='lat' dir='ltr'>de</span> <span class='ocrx_word' id='word_1_359' title='bbox 1336 2722 1475 2767; x_wconf 81' lang='lat' dir='ltr'>Pylade</span> <span class='ocrx_word' id='word_1_360' title='bbox 1495 2723 1566 2767; x_wconf 72' lang='lat' dir='ltr'>(Or.</span> <span class='ocrx_word' id='word_1_361' title='bbox 1593 2726 1714 2766; x_wconf 80' lang='lat'>1406):</span> <span class='ocrx_word' id='word_1_362' title='bbox 1745 2722 1879 2768; x_wconf 78' lang='grc' dir='ltr'><em>φόνιος</em></span> 
     </span>
     <span class='ocr_line' id='line_1_41' title="bbox 311 2772 1876 2821; baseline 0.003 -14"><span class='ocrx_word' id='word_1_363' title='bbox 311 2772 479 2817; x_wconf 76' lang='grc' dir='ltr'><em>δράκωνς</em></span> <span class='ocrx_word' id='word_1_364' title='bbox 512 2774 600 2809; x_wconf 80' lang='lat' dir='ltr'>item</span> <span class='ocrx_word' id='word_1_365' title='bbox 633 2774 821 2818; x_wconf 81' lang='lat' dir='ltr'>Lycophro</span> <span class='ocrx_word' id='word_1_366' title='bbox 853 2774 969 2820; x_wconf 83' lang='lat' dir='ltr'>(Alex.</span> <span class='ocrx_word' id='word_1_367' title='bbox 992 2776 1074 2818; x_wconf 79' lang='lat'>32⁷)</span> <span class='ocrx_word' id='word_1_368' title='bbox 1106 2775 1422 2819; x_wconf 83' lang='lat' dir='ltr'>Agamemnonem</span> <span class='ocrx_word' id='word_1_369' title='bbox 1453 2779 1558 2811; x_wconf 82' lang='lat' dir='ltr'>vocat</span> <span class='ocrx_word' id='word_1_370' title='bbox 1590 2777 1786 2811; x_wconf 88' lang='lat' dir='ltr'>draconem</span> <span class='ocrx_word' id='word_1_371' title='bbox 1818 2775 1876 2821; x_wconf 85' lang='lat' dir='ltr'>(cf.</span> 
     </span>
     <span class='ocr_line' id='line_1_42' title="bbox 311 2824 1880 2874; baseline 0.003 -14"><span class='ocrx_word' id='word_1_372' title='bbox 311 2824 567 2870; x_wconf 79' lang='lat' dir='ltr'>Wilamowitz,</span> <span class='ocrx_word' id='word_1_373' title='bbox 593 2827 715 2862; x_wconf 89' lang='lat' dir='ltr'>Herm.</span> <span class='ocrx_word' id='word_1_374' title='bbox 737 2829 869 2874; x_wconf 69' lang='lat'>182⁵⁶)=</span> <span class='ocrx_word' id='word_1_375' title='bbox 897 2828 955 2862; x_wconf 86' lang='lat' dir='ltr'>his</span> <span class='ocrx_word' id='word_1_376' title='bbox 981 2839 1129 2872; x_wconf 90' lang='lat' dir='ltr'>quoque</span> <span class='ocrx_word' id='word_1_377' title='bbox 1161 2828 1281 2863; x_wconf 86' lang='lat' dir='ltr'>causis</span> <span class='ocrx_word' id='word_1_378' title='bbox 1315 2828 1506 2873; x_wconf 88' lang='lat' dir='ltr'>Sophoclis</span> <span class='ocrx_word' id='word_1_379' title='bbox 1538 2829 1693 2864; x_wconf 86' lang='lat' dir='ltr'>formam</span> <span class='ocrx_word' id='word_1_380' title='bbox 1725 2829 1771 2864; x_wconf 85' lang='lat' dir='ltr'>ab</span> <span class='ocrx_word' id='word_1_381' title='bbox 1797 2830 1880 2874; x_wconf 85' lang='lat' dir='ltr'>ipso</span> 
     </span>
     <span class='ocr_line' id='line_1_43' title="bbox 304 2878 1579 2927; baseline 0.003 -14"><span class='ocrx_word' id='word_1_382' title='bbox 304 2878 458 2914; x_wconf 84' lang='lat' dir='ltr'>demum</span> <span class='ocrx_word' id='word_1_383' title='bbox 484 2891 562 2915; x_wconf 84' lang='lat' dir='ltr'>esse</span> <span class='ocrx_word' id='word_1_384' title='bbox 587 2880 831 2915; x_wconf 75' lang='lat' dir='ltr'>introductam</span> <span class='ocrx_word' id='word_1_385' title='bbox 856 2881 1031 2924; x_wconf 85' lang='lat' dir='ltr'>probatur</span> <span class='ocrx_word' id='word_1_386' title='bbox 1055 2892 1177 2925; x_wconf 84' lang='lat' dir='ltr'>neque</span> <span class='ocrx_word' id='word_1_387' title='bbox 1203 2881 1248 2916; x_wconf 85' lang='lat' dir='ltr'>ab</span> <span class='ocrx_word' id='word_1_388' title='bbox 1278 2881 1361 2917; x_wconf 80' lang='lat' dir='ltr'>aliis</span> <span class='ocrx_word' id='word_1_389' title='bbox 1383 2884 1579 2927; x_wconf 83' lang='lat' dir='ltr'>acceptam.</span> 
     </span>
    </p>
   </div>
  </div>
 </body>
</html>
