2106 3320
976 157 1269 199 „10-

331 289 431 329 ergo
460 282 500 317 et
524 277 627 316 Hdto
652 289 731 316 non
758 276 934 328 singulas
961 277 1075 317 modo
1101 277 1282 318 videmus
1313 291 1520 331 personas,
1552 280 1623 320 sed
1647 280 1796 320 lumina
1821 283 1907 321 aevi

332 339 554 397 Periclei.¹)
1264 345 1268 350 '

400 407 477 447 Sed
508 408 582 447 hac
613 420 770 460 quoque
803 406 1035 447 condicione
1066 407 1234 448 alterum
1266 409 1415 462 aliquid
1443 409 1630 462 ponderis
1653 410 1839 452 habuisse
1864 413 1906 452 in

335 472 505 513 alterum
538 472 803 525 concedimus,
836 474 871 513 si
902 473 1079 525 singulas
1105 476 1321 514 sententias
1346 480 1472 515 aetate
1497 475 1776 527 progrediente
1800 477 1907 516 inter

335 543 551 591 utrumque
584 540 919 591 appropinquatas
951 551 1040 578 esse
1073 541 1345 580 constituitur:
1378 552 1477 592 quae
1509 541 1670 593 quidem
1700 542 1905 594 inquisitio

332 615 460 655 paene
486 616 566 643 non
590 609 721 656 potest
744 604 896 656 perfici.

396 668 454 708 Ex
486 668 553 708 illo
579 673 713 708 autem
745 668 894 709 circulo
920 669 1100 709 Pericleo
1126 669 1225 710 aliae
1250 683 1407 723 quoque
1434 670 1716 712 similitudines
1739 677 1907 724 possunt

335 735 479 786 repeti:
513 733 599 774 dico
632 747 732 786 quae
763 736 968 786 pertinent
999 734 1047 774 ad
1077 736 1198 775 vitam
1230 747 1393 788 remque
1420 736 1631 789 publicam.
1668 749 1905 790 quamquam

331 799 404 839 Ad.
424 799 553 839 Bauer
562 796 596 854 ⁹)
618 799 756 840 durius
775 801 881 840 inter
898 801 1093 852 tragicum
1113 806 1153 840 et
1171 800 1408 841 historicum
1428 801 1663 842 discrevisse
1682 801 1781 842 mihi
1797 801 1906 843 vide·

331 871 411 917 tur,
444 877 534 904 cum
566 865 741 905 exhibet:
775 864 908 917 ‘Soph.
933 878 972 905 u.
998 865 1252 918 Thnkydides
1284 866 1374 906 sind
1405 868 1524 907 somit
1550 867 1651 907 auch
1676 866 1733 907 als
1758 867 1906 908 Staats-

331 934 502 970 manner
523 930 602 970 und
622 931 759 970 nicht
778 930 846 970 als
867 930 1140 971 Litteraten
1159 931 1401 984 uberzeugte
1414 932 1624 984 Anhanger
1644 931 1714 973 des
1727 931 1906 972 Perikles

333 995 416 1035 und
437 997 570 1035 seiner
582 995 738 1035 Politik.
753 995 833 1035 Hdt
853 996 1027 1048 dagegen
1049 997 1213 1049 gesellte
1233 998 1319 1037 sich
1340 997 1396 1038 als
1410 997 1577 1038 Litterat
1596 1010 1666 1038 aus
1679 996 1907 1038 Kleinasien

332 1061 463 1101 ihrem
477 1060 617 1101 Kreise
638 1060 714 1101 zu’:
735 1074 905 1114 namque
920 1061 1135 1114 Sophocles
1155 1067 1194 1102 et
1207 1063 1323 1103 homo
1337 1064 1514 1115 privatus
1529 1068 1568 1103 et
1582 1074 1716 1103 rerum
1731 1062 1906 1104 civilium

333 1127 486 1178 peritus
498 1122 532 1181 ³)
558 1126 724 1166 Periclis
757 1128 983 1166 auctoritati
1014 1139 1057 1167 se
1085 1127 1209 1182 dedit,
1240 1140 1370 1180 neque
1395 1128 1510 1180 Hdto,
1537 1129 1606 1180 qui
1629 1129 1808 1169 πολλῶν
1832 1125 1906 1169 ἀν-

332 1190 531 1245 θρώπων
550 1189 647 1232 ἴδεν
667 1191 799 1232 ἄστεα
818 1189 891 1232 καὶ
912 1193 1021 1233 νόον
1046 1192 1174 1246 ἔγνω,
1201 1193 1505 1234 abiudicandum
1532 1199 1593 1233 est
1618 1206 1753 1234 rerum
1777 1192 1906 1246 puhli-

329 1269 470 1297 carum
491 1253 716 1311 studiumf)

392 1322 512 1375 Atqui
545 1335 589 1362 ea
621 1324 706 1375 ipsa
733 1335 851 1363 causa
877 1324 1164 1376 cognoscimus,
1196 1336 1312 1375 quam
1340 1329 1424 1364 arte
1450 1323 1564 1364 ambo
1590 1323 1842 1364 cohaeserint
1865 1330 1906 1363 et

331 1387 531 1439 cogitandi
557 1394 596 1428 et
621 1388 819 1428 sentiendi
843 1388 1081 1428 rationibus:
1102 1390 1249 1441 optime
1275 1394 1545 1429 convenerunt
1568 1391 1675 1429 inter
1699 1402 1742 1430 se
1761 1391 1803 1430 in
1822 1401 1907 1447 om·

331 1452 450 1492 nibus
477 1453 679 1506 religionis
700 1459 740 1493 et
758 1459 922 1493 naturae
942 1454 1266 1506 contemplandae
1286 1460 1326 1494 et
1344 1455 1446 1494 vitae
1464 1453 1647 1507 publicae
1665 1455 1905 1507 quaestioni-

332 1518 425 1572 bus3
446 1519 647 1571 praec-lare
668 1519 767 1559 alter
787 1519 954 1559 alterum
974 1519 1238 1572 intellegebat,
1263 1521 1394 1559 omnia
1415 1519 1697 1572 consentiebat,
1723 1532 1800 1573 quo
1821 1519 1904 1560 solo

330 1583 448 1623 modo
479 1596 572 1623 vera
604 1585 774 1624 amicitia
806 1580 980 1640 initur.⁵)
1013 1597 1085 1624 nos
1111 1597 1203 1625 vero
1230 1586 1347 1637 aequi
1370 1586 1579 1637 utriusque
1605 1597 1747 1626 sensus
1772 1585 1904 1626 minus

393 1729 426 1773 1)
452 1739 573 1772 neque
598 1728 734 1763 mirum
761 1731 825 1772 est,
852 1729 952 1773 quod
976 1729 1071 1764 inter
1096 1729 1178 1764 illos
1204 1729 1314 1773 viros,
1353 1729 1418 1774 qui
1443 1730 1483 1764 in
1515 1729 1665 1765 Periclis
1701 1729 1903 1765 amicitiam

329 1783 586 1825 convenerant,
613 1784 690 1817 erat
709 1782 820 1817 etiam
839 1782 978 1827 Lampo
997 1785 1110 1826 vates,
1138 1783 1202 1827 qui
1222 1792 1297 1818 una
1321 1794 1406 1818 eum
1429 1783 1527 1818 Hdto
1552 1783 1709 1818 Thurios
1733 1783 1903 1818 transmi-

330 1835 461 1879 gravit.
508 1835 577 1870 etsi
601 1835 697 1870 inter
722 1847 782 1870 eos
808 1837 971 1870 versatus
998 1837 1054 1871 est
1077 1836 1314 1881 Anaxagoras
1341 1847 1501 1881 quoque,
1533 1836 1598 1880 qui
1622 1835 1814 1882 religionis
1837 1846 1903 1881 po-

330 1888 471 1933 pularis
504 1890 732 1933 contemptor
762 1889 941 1923 ultionem
972 1890 1119 1934 aufugit
1141 1889 1262 1934 plebis
1288 1889 1444 1924 traditae
1467 1890 1561 1934 legis
1588 1889 1790 1925 studiosae:
1823 1889 1903 1925 eius

329 1941 510 1976 nimirum
535 1941 731 1976 auctoritas
756 1942 875 1976 maior
899 1944 977 1977 erat
1000 1942 1040 1977 in
1059 1943 1276 1987 Euripidem
1302 1945 1338 1978 et
1356 1943 1622 1987 Thucydidem,
1649 1954 1761 1987 quam
1779 1943 1820 1978 in
1839 1942 1903 1978 So·

330 1995 501 2039 phoclem
526 1995 751 2039 Hdtumque.
790 2016 835 2021 -
872 1996 972 2039 apud
998 1996 1080 2030 illos
1113 1996 1239 2031 aderat
1269 1996 1381 2031 etiam
1406 1996 1622 2040 Protagoras
1655 1996 1903 2040 sophistarum

327 2049 512 2093 princeps.
570 2049 706 2093 quibus
733 2050 779 2084 de
803 2049 1007 2083 rationibus
1034 2049 1112 2094 egit
1129 2049 1188 2085 W.
1208 2049 1356 2092 Nestle,.
1373 2049 1465 2083 Hdts
1486 2049 1593 2085 Verh.
1614 2061 1642 2084 z.
1663 2049 1902 2093 Philosophie

331 2114 366 2138 u.
395 2102 585 2147 Sophistik
612 2105 703 2138 1908
730 2103 787 2147 (cf.
814 2102 945 2138 Philol.
975 2105 1019 2137 70
1044 2114 1080 2147 p.
1104 2106 1171 2137 242
1181 2104 1241 2148 ss.)
1263 2104 1299 2137 et
1330 2102 1531 2147 Sophokles
1557 2115 1592 2138 u.
1626 2102 1686 2137 die
1712 2101 1902 2146 Sophistik

331 2156 458 2201 (Class.
486 2156 580 2191 Phil.
602 2160 623 2190 5
646 2159 737 2191 1910
757 2168 791 2200 p.
815 2158 1002 2201 129—57).

391 2211 427 2255 2)
453 2209 556 2244 Neue
569 2209 694 2245 Jahrb.
710 2212 730 2244 9
754 2212 855 2252 1902,
875 2221 910 2254 p.
926 2213 1013 2253 231,
1039 2210 1104 2245 ubi
1130 2209 1294 2244 Eduardi
1318 2209 1443 2253 Meyer
1466 2207 1726 2252 inquisitiones
1747 2209 1795 2244 ad
1813 2208 1898 2244 hist.

327 2264 403 2298 ant.
424 2265 513 2307 pert.
534 2265 708 2298 recenset.

392 2318 427 2362 3)
454 2317 518 2360 qui
543 2318 710 2351 censetur
734 2317 780 2352 ab
807 2317 893 2351 Ione
918 2317 1018 2361 apud
1049 2316 1134 2352 Ath.
1161 2315 1287 2351 604D:
1320 2315 1369 2356 ὡς
1399 2314 1448 2351 ἄν
1472 2328 1528 2356 τις
1559 2311 1611 2356 εἷς
1635 2320 1709 2350 τῶν
1733 2321 1900 2362 χρηστῶν

330 2367 550 2414 Ἀθηναίων,
575 2370 618 2404 cf.
640 2369 940 2412 Christ-Schmidt,
966 2382 1019 2415 gr.
1040 2370 1108 2405 Lit.
1127 2369 1163 2404 1⁵
1181 2372 1262 2412 296,
1274 2373 1307 2404 5.

391 2425 427 2467 4)
454 2424 497 2458 cf.
524 2423 566 2458 A.
580 2423 772 2467 Hauvette,
797 2424 979 2459 Herodote
1009 2422 1187 2458 historien
1216 2423 1279 2458 des
1311 2433 1460 2468 guen-es
1491 2421 1695 2466 mediques,
1724 2424 1831 2466 1894,
1863 2434 1901 2468 p.

327 2480 530 2512 496-500.

391 2532 427 2575 5)
460 2541 554 2574 quae
584 2530 744 2565 rationes
779 2531 917 2575 optime
949 2530 1209 2565 confirmantur
1239 2540 1284 2565 ea
1307 2529 1572 2572 aestimatione,
1610 2540 1723 2573 quam
1752 2529 1900 2574 utrique

326 2583 497 2618 tribuunt
521 2584 669 2628 posteri,
695 2585 795 2628 quod
820 2584 947 2628 aliqua
970 2586 1069 2619 aetas
1090 2584 1121 2618 si
1141 2583 1349 2618 alterutrius
1372 2593 1484 2627 opera
1501 2583 1745 2625 adamaverat,
1765 2582 1899 2617 utrius-

331 2647 404 2681 que
430 2637 542 2671 simul
567 2637 846 2672 condicionibus
872 2638 1045 2682 adaptata
1070 2638 1155 2672 erat.
1183 2647 1296 2680 quare
1316 2647 1399 2670 cum
1418 2635 1635 2679 aequalibus
1655 2635 1791 2670 summi
1808 2635 1898 2670 fuis-

328 2692 412 2725 sent
434 2690 546 2735 pretii
570 2690 847 2735 gravitatisque,
874 2692 1003 2735 quarto
1023 2690 1097 2725 iam
1117 2689 1262 2724 saeculo
1275 2689 1424 2724 ineunte
1436 2689 1684 2734 principatum
1697 2689 1902 2724 concedunt

330 2743 510 2779 rivalibus
541 2743 748 2779 iunioribus
781 2744 841 2790 [cf.
868 2743 1167 2786 Christ-Schmid,
1193 2754 1247 2787 gr.
1261 2742 1359 2777 Lit.I
1377 2745 1445 2777 326
1472 2744 1507 2777 et
1532 2742 1664 2789 448s.].
1701 2742 1899 2787 praecipue

328 2808 354 2831 a
384 2796 600 2832 Graecitatis
631 2798 842 2842 posterioris
873 2797 1104 2839 hominibus,
1137 2797 1202 2840 qui
1234 2795 1406 2830 dicuntur
1429 2795 1669 2839 Hellenistae,
1702 2797 1738 2831 et
1766 2795 1898 2841 tragici

327 2850 531 2895 (Euripidis
557 2851 688 2896 gratia)
716 2853 752 2886 et
775 2850 941 2885 historici
968 2850 1102 2895 scripta
1125 2850 1298 2894 perparvi
1317 2850 1509 2885 aestimata
1527 2851 1621 2883 sunt.
1647 2850 1727 2883 tum
1745 2848 1832 2884 inde
1851 2849 1898 2885 ab

328 2904 490 2938 extremo
524 2915 555 2938 a.
576 2903 656 2938 Chr.
677 2916 711 2938 n.
733 2915 824 2938 saec.
852 2903 1044 2938 amborum
1076 2903 1270 2938 auctoritas
1302 2913 1450 2947 prorsus
1478 2902 1727 2946 redintegrata
1751 2904 1816 2946 est,
1847 2901 1901 2937 ita.

2094 2027 2101 2040 ι-
2084 1692 2106 1983 ”.έ.;ῂ;ἢῖ»ῐρ“,ῇῑιβὶᾷμᾼιῆίω
2090 1502 2106 1682 razna-2441»
2103 1483 2106 1491 ,.
2091 1439 2106 1470 w..
2096 1383 2106 1412 h„
2103 1351 2106 1360 ..
2103 1312 2106 1330 ..
2102 1276 2106 1285 ,
2095 1236 2106 1266 ,;.,.
2101 1219 2106 1225 ,.
2096 1204 2106 1209 ι
2098 1183 2106 1193 ›.
2104 1112 2106 1114 .
