<?xml version="1.0" encoding="UTF-8"?>
<!DOCTYPE html PUBLIC "-//W3C//DTD XHTML 1.0 Transitional//EN"
    "http://www.w3.org/TR/xhtml1/DTD/xhtml1-transitional.dtd">
<html xmlns="http://www.w3.org/1999/xhtml" xml:lang="en" lang="en">
 <head>
  <title>
</title>
<meta http-equiv="Content-Type" content="text/html;charset=utf-8" />
  <meta name='ocr-system' content='tesseract 3.04.00' />
  <meta name='ocr-capabilities' content='ocr_page ocr_carea ocr_par ocr_line ocrx_word'/>
</head>
<body>
  <div class='ocr_page' id='page_1' title='image "./sophoclesquiddeb00rascuoft_0060.png"; bbox 0 0 2106 3320; ppageno 0'>
   <div class='ocr_carea' id='block_1_1' title="bbox 1011 133 1304 175">
    <p class='ocr_par' dir='ltr' id='par_1_1' title="bbox 1011 133 1304 175">
     <span class='ocr_line' id='line_1_1' title="bbox 1011 133 1304 175; baseline 0 -10"><span class='ocrx_word' id='word_1_1' title='bbox 1011 133 1304 175; x_wconf 77' lang='grc' dir='ltr'>..5ο-</span> 
     </span>
    </p>
   </div>
   <div class='ocr_carea' id='block_1_2' title="bbox 368 253 1994 763">
    <p class='ocr_par' dir='ltr' id='par_1_2' title="bbox 368 253 1994 763">
     <span class='ocr_line' id='line_1_2' title="bbox 371 253 1949 310; baseline 0.001 -15"><span class='ocrx_word' id='word_1_2' title='bbox 371 256 553 308; x_wconf 80' lang='lat' dir='ltr'>obsistat,</span> <span class='ocrx_word' id='word_1_3' title='bbox 563 253 596 310; x_wconf 80' lang='grc'>1)</span> <span class='ocrx_word' id='word_1_4' title='bbox 623 268 702 295; x_wconf 90' lang='lat' dir='ltr'>non</span> <span class='ocrx_word' id='word_1_5' title='bbox 729 255 932 308; x_wconf 83' lang='lat' dir='ltr'>intelleg03</span> <span class='ocrx_word' id='word_1_6' title='bbox 959 267 1003 294; x_wconf 92' lang='lat' dir='ltr'>ea</span> <span class='ocrx_word' id='word_1_7' title='bbox 1025 255 1130 294; x_wconf 90' lang='lat' dir='ltr'>enim</span> <span class='ocrx_word' id='word_1_8' title='bbox 1150 254 1289 306; x_wconf 85' lang='lat' dir='ltr'>bestia,</span> <span class='ocrx_word' id='word_1_9' title='bbox 1315 266 1414 306; x_wconf 85' lang='lat' dir='ltr'>quae</span> <span class='ocrx_word' id='word_1_10' title='bbox 1434 256 1477 294; x_wconf 91' lang='lat' dir='ltr'>in</span> <span class='ocrx_word' id='word_1_11' title='bbox 1495 256 1615 295; x_wconf 89' lang='lat' dir='ltr'>variis</span> <span class='ocrx_word' id='word_1_12' title='bbox 1634 255 1714 296; x_wconf 88' lang='lat' dir='ltr'>illis</span> <span class='ocrx_word' id='word_1_13' title='bbox 1734 258 1949 309; x_wconf 85' lang='lat' dir='ltr'><strong>expositio-</strong></span> 
     </span>
     <span class='ocr_line' id='line_1_3' title="bbox 372 319 1946 374; baseline 0.002 -14"><span class='ocrx_word' id='word_1_14' title='bbox 372 333 468 362; x_wconf 90' lang='lat' dir='ltr'>num</span> <span class='ocrx_word' id='word_1_15' title='bbox 501 320 643 360; x_wconf 84' lang='lat' dir='ltr'>sabulis</span> <span class='ocrx_word' id='word_1_16' title='bbox 683 333 894 360; x_wconf 81' lang='lat' dir='ltr'><strong>mammam</strong></span> <span class='ocrx_word' id='word_1_17' title='bbox 933 319 1098 372; x_wconf 87' lang='lat' dir='ltr'>praehet</span> <span class='ocrx_word' id='word_1_18' title='bbox 1135 321 1331 372; x_wconf 83' lang='lat' dir='ltr'>exposito,</span> <span class='ocrx_word' id='word_1_19' title='bbox 1367 319 1602 372; x_wconf 89' lang='lat' dir='ltr'>plerumque</span> <span class='ocrx_word' id='word_1_20' title='bbox 1637 326 1746 361; x_wconf 85' lang='lat' dir='ltr'>certa</span> <span class='ocrx_word' id='word_1_21' title='bbox 1776 321 1946 374; x_wconf 86' lang='lat' dir='ltr'>quadam</span> 
     </span>
     <span class='ocr_line' id='line_1_4' title="bbox 377 384 1949 440; baseline 0.001 -15"><span class='ocrx_word' id='word_1_22' title='bbox 377 387 528 426; x_wconf 87' lang='lat' dir='ltr'>ratione</span> <span class='ocrx_word' id='word_1_23' title='bbox 550 398 640 425; x_wconf 93' lang='lat' dir='ltr'>cum</span> <span class='ocrx_word' id='word_1_24' title='bbox 659 386 745 437; x_wconf 89' lang='lat' dir='ltr'>ipsa</span> <span class='ocrx_word' id='word_1_25' title='bbox 767 384 907 425; x_wconf 83' lang='lat' dir='ltr'>sabella</span> <span class='ocrx_word' id='word_1_26' title='bbox 929 386 1200 438; x_wconf 87' lang='lat' dir='ltr'>coniungitur:</span> <span class='ocrx_word' id='word_1_27' title='bbox 1222 386 1280 424; x_wconf 90' lang='lat' dir='ltr'>sic</span> <span class='ocrx_word' id='word_1_28' title='bbox 1301 386 1410 424; x_wconf 90' lang='lat' dir='ltr'>canis</span> <span class='ocrx_word' id='word_1_29' title='bbox 1431 397 1541 425; x_wconf 89' lang='lat' dir='ltr'>sacra</span> <span class='ocrx_word' id='word_1_30' title='bbox 1561 390 1622 425; x_wconf 83' lang='lat' dir='ltr'>est</span> <span class='ocrx_word' id='word_1_31' title='bbox 1640 386 1949 440; x_wconf 77' lang='lat' dir='ltr'>Ahuramazdae,</span> 
     </span>
     <span class='ocr_line' id='line_1_5' title="bbox 371 446 1945 505; baseline 0.002 -15"><span class='ocrx_word' id='word_1_32' title='bbox 371 452 485 491; x_wconf 90' lang='lat' dir='ltr'>cuius</span> <span class='ocrx_word' id='word_1_33' title='bbox 505 463 578 503; x_wconf 90' lang='lat' dir='ltr'>per</span> <span class='ocrx_word' id='word_1_34' title='bbox 598 452 760 503; x_wconf 86' lang='lat' dir='ltr'>gratiam</span> <span class='ocrx_word' id='word_1_35' title='bbox 782 455 962 490; x_wconf 90' lang='lat' dir='ltr'>servatur</span> <span class='ocrx_word' id='word_1_36' title='bbox 982 450 1107 502; x_wconf 81' lang='lat' dir='ltr'><strong>Cyrus</strong></span> <span class='ocrx_word' id='word_1_37' title='bbox 1117 446 1171 505; x_wconf 64' lang='grc'>2);</span> <span class='ocrx_word' id='word_1_38' title='bbox 1198 451 1256 489; x_wconf 87' lang='lat' dir='ltr'>sic</span> <span class='ocrx_word' id='word_1_39' title='bbox 1281 451 1324 489; x_wconf 91' lang='lat' dir='ltr'>in</span> <span class='ocrx_word' id='word_1_40' title='bbox 1342 449 1410 490; x_wconf 85' lang='lat' dir='ltr'>Ida</span> <span class='ocrx_word' id='word_1_41' title='bbox 1429 455 1563 490; x_wconf 88' lang='lat' dir='ltr'>monte</span> <span class='ocrx_word' id='word_1_42' title='bbox 1588 463 1662 502; x_wconf 90' lang='lat' dir='ltr'>per</span> <span class='ocrx_word' id='word_1_43' title='bbox 1681 464 1724 491; x_wconf 92' lang='lat' dir='ltr'>se</span> <span class='ocrx_word' id='word_1_44' title='bbox 1741 451 1832 495; x_wconf 70' lang='lat' dir='ltr'>,data</span> <span class='ocrx_word' id='word_1_45' title='bbox 1858 457 1945 493; x_wconf 86' lang='lat' dir='ltr'>erat</span> 
     </span>
     <span class='ocr_line' id='line_1_6' title="bbox 368 511 1948 571; baseline 0 -15"><span class='ocrx_word' id='word_1_46' title='bbox 368 529 473 568; x_wconf 87' lang='lat' dir='ltr'>ursa,</span> <span class='ocrx_word' id='word_1_47' title='bbox 495 518 639 568; x_wconf 81' lang='lat' dir='ltr'>quippe</span> <span class='ocrx_word' id='word_1_48' title='bbox 660 528 760 568; x_wconf 87' lang='lat' dir='ltr'>quae</span> <span class='ocrx_word' id='word_1_49' title='bbox 783 528 892 555; x_wconf 89' lang='lat' dir='ltr'>sacra</span> <span class='ocrx_word' id='word_1_50' title='bbox 909 522 1016 555; x_wconf 87' lang='lat' dir='ltr'>esset</span> <span class='ocrx_word' id='word_1_51' title='bbox 1029 527 1192 566; x_wconf 86' lang='lat' dir='ltr'>magnae</span> <span class='ocrx_word' id='word_1_52' title='bbox 1213 517 1352 555; x_wconf 88' lang='lat' dir='ltr'>matris</span> <span class='ocrx_word' id='word_1_53' title='bbox 1371 511 1569 571; x_wconf 78' lang='lat' dir='ltr'>Idaeae.⁵)</span> <span class='ocrx_word' id='word_1_54' title='bbox 1597 521 1734 556; x_wconf 89' lang='lat' dir='ltr'>contra</span> <span class='ocrx_word' id='word_1_55' title='bbox 1753 518 1795 557; x_wconf 92' lang='lat' dir='ltr'>in</span> <span class='ocrx_word' id='word_1_56' title='bbox 1814 517 1948 558; x_wconf 77' lang='lat' dir='ltr'>fabula</span> 
     </span>
     <span class='ocr_line' id='line_1_7' title="bbox 370 580 1948 634; baseline 0.001 -14"><span class='ocrx_word' id='word_1_57' title='bbox 370 583 530 632; x_wconf 87' lang='lat' dir='ltr'>antiqua</span> <span class='ocrx_word' id='word_1_58' title='bbox 569 582 637 632; x_wconf 89' lang='lat' dir='ltr'>qui</span> <span class='ocrx_word' id='word_1_59' title='bbox 670 581 831 633; x_wconf 84' lang='lat' dir='ltr'>proprie</span> <span class='ocrx_word' id='word_1_60' title='bbox 876 580 1038 632; x_wconf 82' lang='lat' dir='ltr'><strong>gerebat</strong></span> <span class='ocrx_word' id='word_1_61' title='bbox 1074 586 1209 633; x_wconf 83' lang='lat' dir='ltr'>partes</span> <span class='ocrx_word' id='word_1_62' title='bbox 1244 580 1398 620; x_wconf 88' lang='lat' dir='ltr'>Paridis</span> <span class='ocrx_word' id='word_1_63' title='bbox 1436 580 1701 628; x_wconf 83' lang='lat' dir='ltr'>adulescentis</span> <span class='ocrx_word' id='word_1_64' title='bbox 1733 594 1862 634; x_wconf 84' lang='lat' dir='ltr'>usque</span> <span class='ocrx_word' id='word_1_65' title='bbox 1896 582 1948 622; x_wconf 80' lang='lat' dir='ltr'>ad</span> 
     </span>
     <span class='ocr_line' id='line_1_8' title="bbox 376 642 1994 703; baseline 0.002 -18"><span class='ocrx_word' id='word_1_66' title='bbox 376 645 537 685; x_wconf 89' lang='lat' dir='ltr'>dearum</span> <span class='ocrx_word' id='word_1_67' title='bbox 565 645 769 698; x_wconf 90' lang='lat' dir='ltr'>iudicium,</span> <span class='ocrx_word' id='word_1_68' title='bbox 806 651 891 686; x_wconf 90' lang='lat' dir='ltr'>erat</span> <span class='ocrx_word' id='word_1_69' title='bbox 924 645 1092 698; x_wconf 85' lang='lat' dir='ltr'>Apollo</span> <span class='ocrx_word' id='word_1_70' title='bbox 1128 642 1230 700; x_wconf 80' lang='lat' dir='ltr'>(tum</span> <span class='ocrx_word' id='word_1_71' title='bbox 1256 646 1389 686; x_wconf 91' lang='lat' dir='ltr'>Venus</span> <span class='ocrx_word' id='word_1_72' title='bbox 1424 646 1583 687; x_wconf 89' lang='lat' dir='ltr'>tenebat</span> <span class='ocrx_word' id='word_1_73' title='bbox 1607 643 1949 703; x_wconf 80' lang='lat' dir='ltr'>principatum).⁴)</span> <span class='ocrx_word' id='word_1_74' title='bbox 1989 674 1994 678; x_wconf 91' lang='lat'><em>-</em></span> 
     </span>
     <span class='ocr_line' id='line_1_9' title="bbox 372 711 1214 763; baseline 0.001 -13"><span class='ocrx_word' id='word_1_75' title='bbox 372 711 564 763; x_wconf 86' lang='lat' dir='ltr'>Apollinis</span> <span class='ocrx_word' id='word_1_76' title='bbox 589 723 683 751; x_wconf 91' lang='lat' dir='ltr'>vero</span> <span class='ocrx_word' id='word_1_77' title='bbox 710 723 822 751; x_wconf 85' lang='lat' dir='ltr'>sacra</span> <span class='ocrx_word' id='word_1_78' title='bbox 847 711 974 751; x_wconf 87' lang='lat' dir='ltr'>bestia</span> <span class='ocrx_word' id='word_1_79' title='bbox 1001 716 1062 750; x_wconf 90' lang='lat' dir='ltr'>est</span> <span class='ocrx_word' id='word_1_80' title='bbox 1086 711 1214 763; x_wconf 86' lang='lat' dir='ltr'>lupuS.</span> 
     </span>
    </p>
   </div>
   <div class='ocr_carea' id='block_1_3' title="bbox 365 782 1948 1475">
    <p class='ocr_par' dir='ltr' id='par_1_3' title="bbox 365 782 1948 1475">
     <span class='ocr_line' id='line_1_10' title="bbox 429 782 1948 836; baseline 0.002 -14"><span class='ocrx_word' id='word_1_81' title='bbox 429 783 658 823; x_wconf 85' lang='lat' dir='ltr'>Differentia</span> <span class='ocrx_word' id='word_1_82' title='bbox 692 784 814 834; x_wconf 84' lang='lat' dir='ltr'>igitur</span> <span class='ocrx_word' id='word_1_83' title='bbox 848 785 955 822; x_wconf 90' lang='lat' dir='ltr'>inter</span> <span class='ocrx_word' id='word_1_84' title='bbox 990 782 1194 835; x_wconf 84' lang='lat' dir='ltr'>Sophoclis</span> <span class='ocrx_word' id='word_1_85' title='bbox 1233 788 1273 823; x_wconf 89' lang='lat' dir='ltr'>et</span> <span class='ocrx_word' id='word_1_86' title='bbox 1309 783 1513 836; x_wconf 88' lang='lat' dir='ltr'>Euripidis</span> <span class='ocrx_word' id='word_1_87' title='bbox 1551 791 1780 836; x_wconf 86' lang='lat' dir='ltr'>argumenta</span> <span class='ocrx_word' id='word_1_88' title='bbox 1818 786 1858 825; x_wconf 88' lang='lat' dir='ltr'>in</span> <span class='ocrx_word' id='word_1_89' title='bbox 1897 797 1948 825; x_wconf 88' lang='lat' dir='ltr'>eo</span> 
     </span>
     <span class='ocr_line' id='line_1_11' title="bbox 371 847 1947 901; baseline 0.002 -14"><span class='ocrx_word' id='word_1_90' title='bbox 371 854 552 887; x_wconf 81' lang='lat' dir='ltr'>constare</span> <span class='ocrx_word' id='word_1_91' title='bbox 581 848 678 887; x_wconf 91' lang='lat' dir='ltr'>mihi</span> <span class='ocrx_word' id='word_1_92' title='bbox 704 847 872 900; x_wconf 85' lang='lat' dir='ltr'>videtur,</span> <span class='ocrx_word' id='word_1_93' title='bbox 899 848 1004 901; x_wconf 90' lang='lat' dir='ltr'>quod</span> <span class='ocrx_word' id='word_1_94' title='bbox 1031 848 1147 901; x_wconf 92' lang='lat' dir='ltr'>Soph.</span> <span class='ocrx_word' id='word_1_95' title='bbox 1181 848 1370 889; x_wconf 82' lang='lat' dir='ltr'>satellites</span> <span class='ocrx_word' id='word_1_96' title='bbox 1396 850 1488 889; x_wconf 87' lang='lat' dir='ltr'>facit</span> <span class='ocrx_word' id='word_1_97' title='bbox 1509 855 1645 889; x_wconf 89' lang='lat' dir='ltr'>contra</span> <span class='ocrx_word' id='word_1_98' title='bbox 1677 851 1783 901; x_wconf 83' lang='lat' dir='ltr'>regis</span> <span class='ocrx_word' id='word_1_99' title='bbox 1807 850 1947 891; x_wconf 83' lang='lat' dir='ltr'>volun·</span> 
     </span>
     <span class='ocr_line' id='line_1_12' title="bbox 371 913 1946 969; baseline 0.003 -17"><span class='ocrx_word' id='word_1_100' title='bbox 371 918 491 953; x_wconf 89' lang='lat' dir='ltr'>tatem</span> <span class='ocrx_word' id='word_1_101' title='bbox 516 913 727 964; x_wconf 91' lang='lat' dir='ltr'>puerulum</span> <span class='ocrx_word' id='word_1_102' title='bbox 762 918 1021 966; x_wconf 84' lang='lat' dir='ltr'>exponentes,</span> <span class='ocrx_word' id='word_1_103' title='bbox 1056 920 1256 966; x_wconf 78' lang='lat' dir='ltr'>pastorem</span> <span class='ocrx_word' id='word_1_104' title='bbox 1288 916 1465 966; x_wconf 86' lang='lat' dir='ltr'>ignotum</span> <span class='ocrx_word' id='word_1_105' title='bbox 1491 916 1776 969; x_wconf 81' lang='lat' dir='ltr'>invenientem3</span> <span class='ocrx_word' id='word_1_106' title='bbox 1807 920 1946 956; x_wconf 78' lang='lat' dir='ltr'>contra</span> 
     </span>
     <span class='ocr_line' id='line_1_13' title="bbox 377 978 1946 1032; baseline 0.003 -15"><span class='ocrx_word' id='word_1_107' title='bbox 377 978 481 1030; x_wconf 89' lang='lat' dir='ltr'>apud</span> <span class='ocrx_word' id='word_1_108' title='bbox 508 978 737 1031; x_wconf 87' lang='lat' dir='ltr'>Euripidem</span> <span class='ocrx_word' id='word_1_109' title='bbox 764 979 869 1019; x_wconf 88' lang='lat' dir='ltr'>idem</span> <span class='ocrx_word' id='word_1_110' title='bbox 896 979 962 1018; x_wconf 90' lang='lat' dir='ltr'>ille</span> <span class='ocrx_word' id='word_1_111' title='bbox 989 991 1109 1019; x_wconf 87' lang='lat' dir='ltr'>senex</span> <span class='ocrx_word' id='word_1_112' title='bbox 1136 992 1291 1032; x_wconf 90' lang='lat' dir='ltr'>servus,</span> <span class='ocrx_word' id='word_1_113' title='bbox 1324 981 1393 1032; x_wconf 93' lang='lat' dir='ltr'>qui</span> <span class='ocrx_word' id='word_1_114' title='bbox 1417 981 1549 1020; x_wconf 92' lang='lat' dir='ltr'>iussus</span> <span class='ocrx_word' id='word_1_115' title='bbox 1576 984 1637 1019; x_wconf 91' lang='lat' dir='ltr'>est</span> <span class='ocrx_word' id='word_1_116' title='bbox 1661 980 1852 1021; x_wconf 76' lang='lat' dir='ltr'>infantem</span> <span class='ocrx_word' id='word_1_117' title='bbox 1877 993 1946 1021; x_wconf 88' lang='lat' dir='ltr'>ex·</span> 
     </span>
     <span class='ocr_line' id='line_1_14' title="bbox 375 1046 1944 1097; baseline 0.003 -15"><span class='ocrx_word' id='word_1_118' title='bbox 375 1055 543 1096; x_wconf 87' lang='lat' dir='ltr'>ponere,</span> <span class='ocrx_word' id='word_1_119' title='bbox 589 1046 811 1096; x_wconf 84' lang='lat' dir='ltr'>expositum</span> <span class='ocrx_word' id='word_1_120' title='bbox 855 1046 1006 1097; x_wconf 87' lang='lat' dir='ltr'>reperit</span> <span class='ocrx_word' id='word_1_121' title='bbox 1043 1050 1178 1084; x_wconf 88' lang='lat' dir='ltr'>contra</span> <span class='ocrx_word' id='word_1_122' title='bbox 1218 1047 1551 1097; x_wconf 81' lang='lat' dir='ltr'>exspectationem</span> <span class='ocrx_word' id='word_1_123' title='bbox 1590 1050 1787 1087; x_wconf 86' lang='lat' dir='ltr'>servatum</span> <span class='ocrx_word' id='word_1_124' title='bbox 1825 1051 1866 1087; x_wconf 86' lang='lat' dir='ltr'>et</span> <span class='ocrx_word' id='word_1_125' title='bbox 1899 1047 1944 1087; x_wconf 88' lang='lat' dir='ltr'>in</span> 
     </span>
     <span class='ocr_line' id='line_1_15' title="bbox 373 1106 1944 1165; baseline 0.003 -17"><span class='ocrx_word' id='word_1_126' title='bbox 373 1110 500 1161; x_wconf 91' lang='lat' dir='ltr'>ipsius</span> <span class='ocrx_word' id='word_1_127' title='bbox 540 1109 653 1149; x_wconf 91' lang='lat' dir='ltr'>domo</span> <span class='ocrx_word' id='word_1_128' title='bbox 693 1109 835 1149; x_wconf 90' lang='lat' dir='ltr'>educat</span> <span class='ocrx_word' id='word_1_129' title='bbox 863 1122 978 1150; x_wconf 92' lang='lat' dir='ltr'>suum</span> <span class='ocrx_word' id='word_1_130' title='bbox 1011 1107 1078 1159; x_wconf 81' lang='lat' dir='ltr'>(cf.</span> <span class='ocrx_word' id='word_1_131' title='bbox 1109 1109 1287 1153; x_wconf 84' lang='lat' dir='ltr'>Wentzel</span> <span class='ocrx_word' id='word_1_132' title='bbox 1317 1123 1355 1163; x_wconf 91' lang='lat' dir='ltr'>p.</span> <span class='ocrx_word' id='word_1_133' title='bbox 1381 1106 1477 1165; x_wconf 81' lang='lat'>26):</span> <span class='ocrx_word' id='word_1_134' title='bbox 1511 1111 1586 1150; x_wconf 88' lang='lat' dir='ltr'>hoc</span> <span class='ocrx_word' id='word_1_135' title='bbox 1618 1123 1774 1164; x_wconf 83' lang='lat' dir='ltr'>quoque</span> <span class='ocrx_word' id='word_1_136' title='bbox 1805 1111 1944 1153; x_wconf 85' lang='lat' dir='ltr'>fictum</span> 
     </span>
     <span class='ocr_line' id='line_1_16' title="bbox 370 1174 1946 1228; baseline 0.002 -15"><span class='ocrx_word' id='word_1_137' title='bbox 370 1179 431 1213; x_wconf 89' lang='lat' dir='ltr'>est</span> <span class='ocrx_word' id='word_1_138' title='bbox 454 1175 672 1215; x_wconf 90' lang='lat' dir='ltr'>secundum</span> <span class='ocrx_word' id='word_1_139' title='bbox 700 1174 871 1214; x_wconf 84' lang='lat' dir='ltr'>fabulam</span> <span class='ocrx_word' id='word_1_140' title='bbox 899 1175 1063 1216; x_wconf 87' lang='lat' dir='ltr'>Hdteam</span> <span class='ocrx_word' id='word_1_141' title='bbox 1090 1181 1206 1228; x_wconf 89' lang='lat' dir='ltr'>atque</span> <span class='ocrx_word' id='word_1_142' title='bbox 1234 1188 1337 1228; x_wconf 89' lang='lat' dir='ltr'>eam,</span> <span class='ocrx_word' id='word_1_143' title='bbox 1365 1188 1464 1228; x_wconf 87' lang='lat' dir='ltr'>quae</span> <span class='ocrx_word' id='word_1_144' title='bbox 1491 1175 1618 1216; x_wconf 91' lang='lat' dir='ltr'>adhuc</span> <span class='ocrx_word' id='word_1_145' title='bbox 1644 1176 1770 1216; x_wconf 92' lang='lat' dir='ltr'>oculis</span> <span class='ocrx_word' id='word_1_146' title='bbox 1793 1177 1946 1217; x_wconf 87' lang='lat' dir='ltr'>nostris</span> 
     </span>
     <span class='ocr_line' id='line_1_17' title="bbox 367 1238 1945 1294; baseline 0.002 -15"><span class='ocrx_word' id='word_1_147' title='bbox 367 1238 544 1279; x_wconf 87' lang='lat' dir='ltr'>subiecta</span> <span class='ocrx_word' id='word_1_148' title='bbox 577 1245 638 1279; x_wconf 91' lang='lat' dir='ltr'>est</span> <span class='ocrx_word' id='word_1_149' title='bbox 669 1240 829 1292; x_wconf 92' lang='lat' dir='ltr'>paulum</span> <span class='ocrx_word' id='word_1_150' title='bbox 862 1246 1010 1280; x_wconf 89' lang='lat' dir='ltr'>mutata</span> <span class='ocrx_word' id='word_1_151' title='bbox 1042 1241 1089 1280; x_wconf 88' lang='lat' dir='ltr'>ad</span> <span class='ocrx_word' id='word_1_152' title='bbox 1122 1242 1315 1281; x_wconf 91' lang='lat' dir='ltr'>rationem</span> <span class='ocrx_word' id='word_1_153' title='bbox 1346 1241 1576 1294; x_wconf 84' lang='lat' dir='ltr'>humanam,</span> <span class='ocrx_word' id='word_1_154' title='bbox 1609 1254 1700 1281; x_wconf 92' lang='lat' dir='ltr'>cum</span> <span class='ocrx_word' id='word_1_155' title='bbox 1726 1241 1945 1294; x_wconf 86' lang='lat' dir='ltr'>Sophocles</span> 
     </span>
     <span class='ocr_line' id='line_1_18' title="bbox 369 1305 1944 1360; baseline 0.002 -16"><span class='ocrx_word' id='word_1_156' title='bbox 369 1305 511 1345; x_wconf 79' lang='lat' dir='ltr'>famam</span> <span class='ocrx_word' id='word_1_157' title='bbox 551 1310 750 1358; x_wconf 89' lang='lat' dir='ltr'>repeteret</span> <span class='ocrx_word' id='word_1_158' title='bbox 789 1318 835 1345; x_wconf 87' lang='lat' dir='ltr'>ex</span> <span class='ocrx_word' id='word_1_159' title='bbox 872 1306 1053 1346; x_wconf 87' lang='lat' dir='ltr'>historici</span> <span class='ocrx_word' id='word_1_160' title='bbox 1092 1306 1369 1346; x_wconf 86' lang='lat' dir='ltr'>familiaritate.</span> <span class='ocrx_word' id='word_1_161' title='bbox 1419 1318 1492 1358; x_wconf 88' lang='lat' dir='ltr'>par</span> <span class='ocrx_word' id='word_1_162' title='bbox 1529 1311 1659 1346; x_wconf 89' lang='lat' dir='ltr'>autem</span> <span class='ocrx_word' id='word_1_163' title='bbox 1695 1308 1855 1360; x_wconf 89' lang='lat' dir='ltr'>utrique</span> <span class='ocrx_word' id='word_1_164' title='bbox 1881 1312 1944 1347; x_wconf 85' lang='lat' dir='ltr'>est</span> 
     </span>
     <span class='ocr_line' id='line_1_19' title="bbox 366 1370 1944 1446; baseline 0.002 -37"><span class='ocrx_word' id='word_1_165' title='bbox 366 1382 457 1409; x_wconf 90' lang='lat' dir='ltr'>cum</span> <span class='ocrx_word' id='word_1_166' title='bbox 490 1370 581 1422; x_wconf 86' lang='lat' dir='ltr'>Cyri</span> <span class='ocrx_word' id='word_1_167' title='bbox 615 1371 728 1423; x_wconf 75' lang='lat' dir='ltr'>fama,</span> <span class='ocrx_word' id='word_1_168' title='bbox 767 1371 872 1423; x_wconf 91' lang='lat' dir='ltr'>quod</span> <span class='ocrx_word' id='word_1_169' title='bbox 909 1371 1040 1410; x_wconf 79' lang='lat' dir='ltr'>infans</span> <span class='ocrx_word' id='word_1_170' title='bbox 1073 1384 1209 1411; x_wconf 89' lang='lat' dir='ltr'>revera</span> <span class='ocrx_word' id='word_1_171' title='bbox 1241 1373 1282 1411; x_wconf 92' lang='lat' dir='ltr'>in</span> <span class='ocrx_word' id='word_1_172' title='bbox 1313 1371 1514 1412; x_wconf 87' lang='lat' dir='ltr'>montibus</span> <span class='ocrx_word' id='word_1_173' title='bbox 1547 1373 1777 1424; x_wconf 87' lang='lat' dir='ltr'>asperrimis</span> <span class='ocrx_word' id='word_1_174' title='bbox 1809 1377 1944 1446; x_wconf 82' lang='lat' dir='ltr'>certae</span> 
     </span>
     <span class='ocr_line' id='line_1_20' title="bbox 365 1436 662 1475; baseline 0 0"><span class='ocrx_word' id='word_1_175' title='bbox 365 1437 455 1475; x_wconf 90' lang='lat' dir='ltr'>neci</span> <span class='ocrx_word' id='word_1_176' title='bbox 483 1436 662 1475; x_wconf 82' lang='lat' dir='ltr'>traditur.</span> 
     </span>
    </p>
   </div>
   <div class='ocr_carea' id='block_1_4' title="bbox 368 1506 1945 1759">
    <p class='ocr_par' dir='ltr' id='par_1_4' title="bbox 368 1506 1945 1759">
     <span class='ocr_line' id='line_1_21' title="bbox 423 1506 1943 1561; baseline 0.002 -15"><span class='ocrx_word' id='word_1_177' title='bbox 423 1506 577 1560; x_wconf 88' lang='lat' dir='ltr'>Restat,</span> <span class='ocrx_word' id='word_1_178' title='bbox 608 1512 653 1547; x_wconf 89' lang='lat' dir='ltr'>ut</span> <span class='ocrx_word' id='word_1_179' title='bbox 685 1507 732 1547; x_wconf 92' lang='lat' dir='ltr'>de</span> <span class='ocrx_word' id='word_1_180' title='bbox 758 1507 913 1547; x_wconf 89' lang='lat' dir='ltr'>Paridis</span> <span class='ocrx_word' id='word_1_181' title='bbox 948 1508 1167 1560; x_wconf 87' lang='lat' dir='ltr'>veriloquio</span> <span class='ocrx_word' id='word_1_182' title='bbox 1193 1520 1316 1560; x_wconf 92' lang='lat' dir='ltr'>pauca</span> <span class='ocrx_word' id='word_1_183' title='bbox 1342 1507 1462 1548; x_wconf 89' lang='lat' dir='ltr'>verba</span> <span class='ocrx_word' id='word_1_184' title='bbox 1493 1520 1727 1549; x_wconf 85' lang='lat' dir='ltr'>asseramus.</span> <span class='ocrx_word' id='word_1_185' title='bbox 1762 1508 1943 1561; x_wconf 78' lang='lat' dir='ltr'>Hyginus</span> 
     </span>
     <span class='ocr_line' id='line_1_22' title="bbox 368 1571 1943 1627; baseline 0.002 -16"><span class='ocrx_word' id='word_1_186' title='bbox 368 1573 475 1611; x_wconf 89' lang='lat' dir='ltr'>enim</span> <span class='ocrx_word' id='word_1_187' title='bbox 503 1585 593 1612; x_wconf 89' lang='lat' dir='ltr'>cum</span> <span class='ocrx_word' id='word_1_188' title='bbox 622 1571 717 1612; x_wconf 88' lang='lat' dir='ltr'>dicit</span> <span class='ocrx_word' id='word_1_189' title='bbox 743 1571 850 1612; x_wconf 82' lang='lat' dir='ltr'>‘eum</span> <span class='ocrx_word' id='word_1_190' title='bbox 875 1573 1007 1612; x_wconf 91' lang='lat' dir='ltr'>Parim</span> <span class='ocrx_word' id='word_1_191' title='bbox 1033 1572 1366 1626; x_wconf 88' lang='lat' dir='ltr'>nominaverunt’,</span> <span class='ocrx_word' id='word_1_192' title='bbox 1398 1573 1446 1614; x_wconf 89' lang='lat' dir='ltr'>ab</span> <span class='ocrx_word' id='word_1_193' title='bbox 1472 1575 1597 1627; x_wconf 91' lang='lat' dir='ltr'>ipsius</span> <span class='ocrx_word' id='word_1_194' title='bbox 1617 1579 1776 1614; x_wconf 88' lang='lat' dir='ltr'>auctore</span> <span class='ocrx_word' id='word_1_195' title='bbox 1794 1586 1943 1614; x_wconf 82' lang='lat' dir='ltr'>nomen</span> 
     </span>
     <span class='ocr_line' id='line_1_23' title="bbox 370 1636 1944 1692; baseline 0.003 -16"><span class='ocrx_word' id='word_1_196' title='bbox 370 1636 583 1677; x_wconf 86' lang='lat' dir='ltr'>enodatum</span> <span class='ocrx_word' id='word_1_197' title='bbox 616 1638 738 1677; x_wconf 83' lang='lat' dir='ltr'>fuisse</span> <span class='ocrx_word' id='word_1_198' title='bbox 765 1643 977 1692; x_wconf 82' lang='lat' dir='ltr'>monstrat3</span> <span class='ocrx_word' id='word_1_199' title='bbox 1005 1644 1044 1679; x_wconf 91' lang='lat' dir='ltr'>et</span> <span class='ocrx_word' id='word_1_200' title='bbox 1068 1639 1133 1679; x_wconf 93' lang='lat' dir='ltr'>hic</span> <span class='ocrx_word' id='word_1_201' title='bbox 1161 1652 1316 1691; x_wconf 90' lang='lat' dir='ltr'>quoque</span> <span class='ocrx_word' id='word_1_202' title='bbox 1338 1639 1547 1679; x_wconf 88' lang='lat' dir='ltr'>scholiasta</span> <span class='ocrx_word' id='word_1_203' title='bbox 1574 1638 1623 1679; x_wconf 87' lang='lat' dir='ltr'>ad</span> <span class='ocrx_word' id='word_1_204' title='bbox 1641 1638 1827 1680; x_wconf 80' lang='lat' dir='ltr'>Androm.</span> <span class='ocrx_word' id='word_1_205' title='bbox 1854 1636 1944 1680; x_wconf 81' lang='lat'>293</span> 
     </span>
     <span class='ocr_line' id='line_1_24' title="bbox 369 1700 1945 1759; baseline 0.003 -18"><span class='ocrx_word' id='word_1_206' title='bbox 369 1714 441 1742; x_wconf 91' lang='lat' dir='ltr'>nos</span> <span class='ocrx_word' id='word_1_207' title='bbox 468 1703 585 1754; x_wconf 88' lang='lat' dir='ltr'>iuvat,</span> <span class='ocrx_word' id='word_1_208' title='bbox 619 1704 688 1754; x_wconf 89' lang='lat' dir='ltr'>qui</span> <span class='ocrx_word' id='word_1_209' title='bbox 716 1702 910 1743; x_wconf 84' lang='lat' dir='ltr'>declarat:</span> <span class='ocrx_word' id='word_1_210' title='bbox 937 1700 960 1744; x_wconf 90' lang='grc' dir='ltr'>ὁ</span> <span class='ocrx_word' id='word_1_211' title='bbox 987 1700 1035 1744; x_wconf 81' lang='grc' dir='ltr'>ἐν</span> <span class='ocrx_word' id='word_1_212' title='bbox 1055 1708 1106 1758; x_wconf 78' lang='grc' dir='ltr'>τῇ</span> <span class='ocrx_word' id='word_1_213' title='bbox 1132 1704 1250 1759; x_wconf 79' lang='grc' dir='ltr'><strong><em>πήρᾳ</em></strong></span> <span class='ocrx_word' id='word_1_214' title='bbox 1275 1705 1475 1758; x_wconf 81' lang='grc' dir='ltr'><strong><em>τραφει’ς;</em></strong></span> <span class='ocrx_word' id='word_1_215' title='bbox 1507 1709 1675 1758; x_wconf 90' lang='lat' dir='ltr'>uterque</span> <span class='ocrx_word' id='word_1_216' title='bbox 1706 1709 1836 1745; x_wconf 87' lang='lat' dir='ltr'>autem</span> <span class='ocrx_word' id='word_1_217' title='bbox 1868 1716 1945 1745; x_wconf 83' lang='lat' dir='ltr'>nos</span> 
     </span>
    </p>
   </div>
   <div class='ocr_carea' id='block_1_5' title="bbox 370 1846 1940 1944">
    <p class='ocr_par' dir='ltr' id='par_1_5' title="bbox 370 1846 1940 1944">
     <span class='ocr_line' id='line_1_25' title="bbox 426 1846 1940 1893; baseline 0.003 -13"><span class='ocrx_word' id='word_1_218' title='bbox 426 1846 461 1890; x_wconf 88' lang='lat'>1)</span> <span class='ocrx_word' id='word_1_219' title='bbox 486 1847 532 1880; x_wconf 89' lang='lat' dir='ltr'>ut</span> <span class='ocrx_word' id='word_1_220' title='bbox 557 1846 674 1890; x_wconf 83' lang='lat' dir='ltr'>aliqui</span> <span class='ocrx_word' id='word_1_221' title='bbox 701 1848 861 1890; x_wconf 89' lang='lat' dir='ltr'>censent,</span> <span class='ocrx_word' id='word_1_222' title='bbox 886 1847 989 1881; x_wconf 87' lang='lat' dir='ltr'>velut</span> <span class='ocrx_word' id='word_1_223' title='bbox 1012 1846 1179 1882; x_wconf 87' lang='lat' dir='ltr'>Wentzel</span> <span class='ocrx_word' id='word_1_224' title='bbox 1204 1859 1239 1892; x_wconf 88' lang='lat' dir='ltr'>p.</span> <span class='ocrx_word' id='word_1_225' title='bbox 1268 1852 1312 1883; x_wconf 81' lang='lat'>36</span> <span class='ocrx_word' id='word_1_226' title='bbox 1340 1850 1377 1883; x_wconf 87' lang='lat' dir='ltr'>et</span> <span class='ocrx_word' id='word_1_227' title='bbox 1399 1848 1495 1884; x_wconf 89' lang='lat' dir='ltr'>Rud.</span> <span class='ocrx_word' id='word_1_228' title='bbox 1523 1849 1713 1893; x_wconf 85' lang='lat' dir='ltr'>Schubert,</span> <span class='ocrx_word' id='word_1_229' title='bbox 1737 1849 1831 1884; x_wconf 86' lang='lat' dir='ltr'>Hdts</span> <span class='ocrx_word' id='word_1_230' title='bbox 1849 1848 1940 1884; x_wconf 79' lang='lat' dir='ltr'>Dar-</span> 
     </span>
     <span class='ocr_line' id='line_1_26' title="bbox 370 1898 1110 1944; baseline 0.004 -12"><span class='ocrx_word' id='word_1_231' title='bbox 370 1898 531 1944; x_wconf 87' lang='lat' dir='ltr'>stellung</span> <span class='ocrx_word' id='word_1_232' title='bbox 556 1899 621 1933; x_wconf 85' lang='lat' dir='ltr'>der</span> <span class='ocrx_word' id='word_1_233' title='bbox 647 1899 850 1944; x_wconf 76' lang='lat' dir='ltr'>Cyrussage</span> <span class='ocrx_word' id='word_1_234' title='bbox 874 1902 966 1935; x_wconf 87' lang='grc'>1890</span> <span class='ocrx_word' id='word_1_235' title='bbox 991 1911 1027 1944; x_wconf 88' lang='lat' dir='ltr'>p.</span> <span class='ocrx_word' id='word_1_236' title='bbox 1055 1904 1110 1935; x_wconf 84' lang='lat'>12.</span> 
     </span>
    </p>
   </div>
   <div class='ocr_carea' id='block_1_6' title="bbox 425 1958 1700 2006">
    <p class='ocr_par' dir='ltr' id='par_1_6' title="bbox 425 1958 1700 2006">
     <span class='ocr_line' id='line_1_27' title="bbox 425 1958 1700 2006; baseline 0.005 -15"><span class='ocrx_word' id='word_1_237' title='bbox 425 1958 461 2003; x_wconf 95' lang='grc'>2)</span> <span class='ocrx_word' id='word_1_238' title='bbox 486 1959 529 1992; x_wconf 90' lang='lat' dir='ltr'>ut</span> <span class='ocrx_word' id='word_1_239' title='bbox 553 1958 672 1993; x_wconf 79' lang='lat' dir='ltr'>Hdtus</span> <span class='ocrx_word' id='word_1_240' title='bbox 699 1959 789 1993; x_wconf 86' lang='lat' dir='ltr'>dicit</span> <span class='ocrx_word' id='word_1_241' title='bbox 814 1970 842 1993; x_wconf 88' lang='lat' dir='ltr'>c.</span> <span class='ocrx_word' id='word_1_242' title='bbox 871 1963 937 1993; x_wconf 93' lang='lat'>111</span> <span class='ocrx_word' id='word_1_243' title='bbox 965 1958 1061 1994; x_wconf 79' lang='grc' dir='ltr'><em>κατὰ</em></span> <span class='ocrx_word' id='word_1_244' title='bbox 1089 1958 1251 2005; x_wconf 77' lang='grc' dir='ltr'><strong><em>δαίμονα</em></strong></span> <span class='ocrx_word' id='word_1_245' title='bbox 1277 1962 1314 1995; x_wconf 88' lang='lat' dir='ltr'>et</span> <span class='ocrx_word' id='word_1_246' title='bbox 1337 1972 1366 1995; x_wconf 90' lang='lat' dir='ltr'>c.</span> <span class='ocrx_word' id='word_1_247' title='bbox 1396 1965 1463 1996; x_wconf 91' lang='grc'>122</span> <span class='ocrx_word' id='word_1_248' title='bbox 1489 1961 1700 2006; x_wconf 79' lang='grc' dir='ltr'><strong><em>θειοτέρως.</em></strong></span> 
     </span>
    </p>
   </div>
   <div class='ocr_carea' id='block_1_7' title="bbox 369 2018 1944 2118">
    <p class='ocr_par' dir='ltr' id='par_1_7' title="bbox 369 2018 1944 2118">
     <span class='ocr_line' id='line_1_28' title="bbox 426 2018 1944 2068; baseline 0.003 -17"><span class='ocrx_word' id='word_1_249' title='bbox 426 2019 462 2054; x_wconf 75' lang='grc'>3)</span> <span class='ocrx_word' id='word_1_250' title='bbox 489 2028 583 2061; x_wconf 83' lang='lat' dir='ltr'>quae</span> <span class='ocrx_word' id='word_1_251' title='bbox 603 2029 660 2052; x_wconf 88' lang='lat' dir='ltr'>res</span> <span class='ocrx_word' id='word_1_252' title='bbox 680 2018 792 2063; x_wconf 86' lang='lat' dir='ltr'>vulgo</span> <span class='ocrx_word' id='word_1_253' title='bbox 813 2020 891 2053; x_wconf 82' lang='lat' dir='ltr'>erat</span> <span class='ocrx_word' id='word_1_254' title='bbox 910 2020 1007 2062; x_wconf 82' lang='lat' dir='ltr'>nota,</span> <span class='ocrx_word' id='word_1_255' title='bbox 1028 2019 1102 2054; x_wconf 85' lang='lat' dir='ltr'>iam</span> <span class='ocrx_word' id='word_1_256' title='bbox 1116 2018 1241 2064; x_wconf 81' lang='lat' dir='ltr'>hymn.</span> <span class='ocrx_word' id='word_1_257' title='bbox 1257 2019 1363 2055; x_wconf 89' lang='lat' dir='ltr'>Hom.</span> <span class='ocrx_word' id='word_1_258' title='bbox 1384 2024 1438 2068; x_wconf 73' lang='grc' dir='ltr'>4.,ι</span> <span class='ocrx_word' id='word_1_259' title='bbox 1460 2021 1679 2067; x_wconf 81' lang='lat' dir='ltr'>pervulgata</span> <span class='ocrx_word' id='word_1_260' title='bbox 1698 2022 1756 2066; x_wconf 87' lang='lat' dir='ltr'>(cf.</span> <span class='ocrx_word' id='word_1_261' title='bbox 1773 2020 1944 2066; x_wconf 78' lang='lat' dir='ltr'>Gruppe,</span> 
     </span>
     <span class='ocr_line' id='line_1_29' title="bbox 369 2070 739 2118; baseline 0.006 -14"><span class='ocrx_word' id='word_1_262' title='bbox 369 2082 423 2115; x_wconf 86' lang='lat' dir='ltr'>gr.</span> <span class='ocrx_word' id='word_1_263' title='bbox 450 2070 600 2115; x_wconf 77' lang='lat' dir='ltr'>Mythol.</span> <span class='ocrx_word' id='word_1_264' title='bbox 628 2073 739 2118; x_wconf 80' lang='lat'>9430).</span> 
     </span>
    </p>
   </div>
   <div class='ocr_carea' id='block_1_8' title="bbox 361 2130 1941 2923">
    <p class='ocr_par' dir='ltr' id='par_1_8' title="bbox 361 2130 1941 2923">
     <span class='ocr_line' id='line_1_30' title="bbox 431 2130 1941 2179; baseline 0.004 -16"><span class='ocrx_word' id='word_1_265' title='bbox 431 2130 465 2175; x_wconf 84' lang='lat'>4)</span> <span class='ocrx_word' id='word_1_266' title='bbox 492 2131 591 2173; x_wconf 89' lang='lat' dir='ltr'>quod</span> <span class='ocrx_word' id='word_1_267' title='bbox 617 2132 658 2164; x_wconf 90' lang='lat' dir='ltr'>ut</span> <span class='ocrx_word' id='word_1_268' title='bbox 684 2131 905 2174; x_wconf 86' lang='lat' dir='ltr'>confirmem,</span> <span class='ocrx_word' id='word_1_269' title='bbox 932 2131 1042 2166; x_wconf 82' lang='lat' dir='ltr'>affero</span> <span class='ocrx_word' id='word_1_270' title='bbox 1069 2133 1233 2177; x_wconf 77' lang='lat' dir='ltr'>insignia,</span> <span class='ocrx_word' id='word_1_271' title='bbox 1257 2133 1469 2178; x_wconf 82' lang='lat' dir='ltr'>Apollinea.</span> <span class='ocrx_word' id='word_1_272' title='bbox 1493 2134 1611 2178; x_wconf 77' lang='lat' dir='ltr'>lyram</span> <span class='ocrx_word' id='word_1_273' title='bbox 1637 2136 1673 2169; x_wconf 89' lang='lat' dir='ltr'>et</span> <span class='ocrx_word' id='word_1_274' title='bbox 1696 2145 1837 2177; x_wconf 80' lang='lat' dir='ltr'>arcum,</span> <span class='ocrx_word' id='word_1_275' title='bbox 1863 2145 1941 2179; x_wconf 89' lang='lat' dir='ltr'>quo</span> 
     </span>
     <span class='ocr_line' id='line_1_31' title="bbox 363 2183 1936 2232; baseline 0.004 -15"><span class='ocrx_word' id='word_1_276' title='bbox 363 2183 491 2218; x_wconf 82' lang='lat' dir='ltr'>sternit</span> <span class='ocrx_word' id='word_1_277' title='bbox 518 2184 700 2219; x_wconf 87' lang='lat' dir='ltr'>Achillem</span> <span class='ocrx_word' id='word_1_278' title='bbox 726 2185 795 2220; x_wconf 89' lang='lat' dir='ltr'>deo</span> <span class='ocrx_word' id='word_1_279' title='bbox 822 2185 1021 2220; x_wconf 79' lang='lat' dir='ltr'>adiuvante</span> <span class='ocrx_word' id='word_1_280' title='bbox 1047 2187 1186 2231; x_wconf 86' lang='lat' dir='ltr'>(Eurip.</span> <span class='ocrx_word' id='word_1_281' title='bbox 1214 2186 1272 2222; x_wconf 91' lang='lat' dir='ltr'>Or.</span> <span class='ocrx_word' id='word_1_282' title='bbox 1295 2190 1402 2221; x_wconf 83' lang='lat'>1409:</span> <span class='ocrx_word' id='word_1_283' title='bbox 1430 2185 1450 2223; x_wconf 84' lang='grc' dir='ltr'><strong><em>ὁ</em></strong></span> <span class='ocrx_word' id='word_1_284' title='bbox 1468 2185 1620 2230; x_wconf 81' lang='grc' dir='ltr'><strong><em>τοξότας</em></strong></span> <span class='ocrx_word' id='word_1_285' title='bbox 1639 2188 1774 2232; x_wconf 84' lang='grc' dir='ltr'>Πάρις)</span> <span class='ocrx_word' id='word_1_286' title='bbox 1800 2190 1836 2223; x_wconf 89' lang='lat' dir='ltr'>et</span> <span class='ocrx_word' id='word_1_287' title='bbox 1861 2198 1936 2223; x_wconf 88' lang='lat' dir='ltr'>cor-</span> 
     </span>
     <span class='ocr_line' id='line_1_32' title="bbox 365 2236 1937 2287; baseline 0.004 -17"><span class='ocrx_word' id='word_1_288' title='bbox 365 2248 453 2271; x_wconf 87' lang='lat' dir='ltr'>vum</span> <span class='ocrx_word' id='word_1_289' title='bbox 479 2236 662 2281; x_wconf 71' lang='lat' dir='ltr'>Apollinis</span> <span class='ocrx_word' id='word_1_290' title='bbox 696 2249 840 2273; x_wconf 84' lang='lat' dir='ltr'>sacrum</span> <span class='ocrx_word' id='word_1_291' title='bbox 872 2238 1058 2285; x_wconf 83' lang='lat' dir='ltr'>(Gruppe,</span> <span class='ocrx_word' id='word_1_292' title='bbox 1088 2239 1202 2284; x_wconf 80' lang='lat' dir='ltr'>Myth.</span> <span class='ocrx_word' id='word_1_293' title='bbox 1230 2252 1283 2285; x_wconf 87' lang='lat' dir='ltr'>gr.</span> <span class='ocrx_word' id='word_1_294' title='bbox 1312 2242 1442 2287; x_wconf 67' lang='lat'>12:314)</span> <span class='ocrx_word' id='word_1_295' title='bbox 1475 2241 1515 2276; x_wconf 89' lang='lat' dir='ltr'>in</span> <span class='ocrx_word' id='word_1_296' title='bbox 1540 2241 1605 2276; x_wconf 81' lang='lat' dir='ltr'>illa</span> <span class='ocrx_word' id='word_1_297' title='bbox 1629 2241 1807 2286; x_wconf 82' lang='lat' dir='ltr'>amphora</span> <span class='ocrx_word' id='word_1_298' title='bbox 1829 2241 1937 2276; x_wconf 82' lang='lat' dir='ltr'>Italo-</span> 
     </span>
     <span class='ocr_line' id='line_1_33' title="bbox 364 2289 1939 2339; baseline 0.003 -16"><span class='ocrx_word' id='word_1_299' title='bbox 364 2289 486 2325; x_wconf 73' lang='lat' dir='ltr'>ionica.</span> <span class='ocrx_word' id='word_1_300' title='bbox 510 2291 834 2335; x_wconf 85' lang='lat' dir='ltr'>(concludamusne</span> <span class='ocrx_word' id='word_1_301' title='bbox 861 2303 904 2326; x_wconf 86' lang='lat' dir='ltr'>ex</span> <span class='ocrx_word' id='word_1_302' title='bbox 931 2304 973 2328; x_wconf 91' lang='lat' dir='ltr'>eo</span> <span class='ocrx_word' id='word_1_303' title='bbox 992 2304 1186 2338; x_wconf 81' lang='lat' dir='ltr'>personam</span> <span class='ocrx_word' id='word_1_304' title='bbox 1208 2293 1311 2328; x_wconf 80' lang='lat' dir='ltr'>illam</span> <span class='ocrx_word' id='word_1_305' title='bbox 1330 2293 1585 2329; x_wconf 70' lang='lat' dir='ltr'>addubitatum</span> <span class='ocrx_word' id='word_1_306' title='bbox 1605 2306 1684 2330; x_wconf 90' lang='lat' dir='ltr'>esse</span> <span class='ocrx_word' id='word_1_307' title='bbox 1703 2294 1939 2339; x_wconf 79' lang='lat' dir='ltr'>Apollinem?</span> 
     </span>
     <span class='ocr_line' id='line_1_34' title="bbox 370 2345 1938 2393; baseline 0.004 -16"><span class='ocrx_word' id='word_1_308' title='bbox 370 2354 480 2387; x_wconf 90' lang='lat' dir='ltr'>quem</span> <span class='ocrx_word' id='word_1_309' title='bbox 516 2345 767 2389; x_wconf 85' lang='lat' dir='ltr'>compluribus</span> <span class='ocrx_word' id='word_1_310' title='bbox 803 2346 841 2380; x_wconf 90' lang='lat' dir='ltr'>in</span> <span class='ocrx_word' id='word_1_311' title='bbox 875 2347 1029 2391; x_wconf 84' lang='lat' dir='ltr'>picturis</span> <span class='ocrx_word' id='word_1_312' title='bbox 1064 2347 1240 2382; x_wconf 85' lang='lat' dir='ltr'>interesse</span> <span class='ocrx_word' id='word_1_313' title='bbox 1274 2347 1413 2382; x_wconf 89' lang='lat' dir='ltr'>iudicio</span> <span class='ocrx_word' id='word_1_314' title='bbox 1447 2347 1556 2383; x_wconf 83' lang='lat' dir='ltr'>Idaeo</span> <span class='ocrx_word' id='word_1_315' title='bbox 1586 2348 1719 2393; x_wconf 84' lang='lat' dir='ltr'>probat</span> <span class='ocrx_word' id='word_1_316' title='bbox 1749 2347 1938 2393; x_wconf 74' lang='lat' dir='ltr'>Stephani,</span> 
     </span>
     <span class='ocr_line' id='line_1_35' title="bbox 373 2396 1939 2447; baseline 0.004 -16"><span class='ocrx_word' id='word_1_317' title='bbox 373 2396 658 2441; x_wconf 88' lang='lat' dir='ltr'>Compte—rendu</span> <span class='ocrx_word' id='word_1_318' title='bbox 679 2402 765 2434; x_wconf 89' lang='grc'>1861</span> <span class='ocrx_word' id='word_1_319' title='bbox 783 2411 818 2444; x_wconf 90' lang='lat' dir='ltr'>p.</span> <span class='ocrx_word' id='word_1_320' title='bbox 836 2404 892 2443; x_wconf 82' lang='lat'>55,</span> <span class='ocrx_word' id='word_1_321' title='bbox 909 2403 999 2443; x_wconf 74' lang='lat'>1223.</span> <span class='ocrx_word' id='word_1_322' title='bbox 1022 2401 1095 2436; x_wconf 85' lang='lat' dir='ltr'>iam</span> <span class='ocrx_word' id='word_1_323' title='bbox 1115 2400 1265 2436; x_wconf 82' lang='lat' dir='ltr'>maioris</span> <span class='ocrx_word' id='word_1_324' title='bbox 1292 2402 1363 2436; x_wconf 85' lang='lat' dir='ltr'>stat</span> <span class='ocrx_word' id='word_1_325' title='bbox 1376 2402 1557 2445; x_wconf 85' lang='lat' dir='ltr'>quaedam</span> <span class='ocrx_word' id='word_1_326' title='bbox 1571 2403 1680 2444; x_wconf 84' lang='lat' dir='ltr'>sama,</span> <span class='ocrx_word' id='word_1_327' title='bbox 1707 2413 1782 2446; x_wconf 84' lang='lat' dir='ltr'>qua,</span> <span class='ocrx_word' id='word_1_328' title='bbox 1805 2401 1939 2447; x_wconf 85' lang='lat' dir='ltr'>Apollo</span> 
     </span>
     <span class='ocr_line' id='line_1_36' title="bbox 366 2452 1940 2500; baseline 0.004 -16"><span class='ocrx_word' id='word_1_329' title='bbox 366 2452 549 2485; x_wconf 80' lang='lat' dir='ltr'>certamen</span> <span class='ocrx_word' id='word_1_330' title='bbox 574 2452 776 2486; x_wconf 81' lang='lat' dir='ltr'>venustatis</span> <span class='ocrx_word' id='word_1_331' title='bbox 803 2452 894 2487; x_wconf 88' lang='lat' dir='ltr'>sibi</span> <span class='ocrx_word' id='word_1_332' title='bbox 934 2453 1026 2499; x_wconf 89' lang='lat' dir='ltr'>ipsi</span> <span class='ocrx_word' id='word_1_333' title='bbox 1051 2455 1283 2498; x_wconf 88' lang='lat' dir='ltr'>propositum</span> <span class='ocrx_word' id='word_1_334' title='bbox 1308 2455 1482 2490; x_wconf 87' lang='lat' dir='ltr'>detulisse</span> <span class='ocrx_word' id='word_1_335' title='bbox 1514 2456 1627 2490; x_wconf 76' lang='lat' dir='ltr'>fertur</span> <span class='ocrx_word' id='word_1_336' title='bbox 1657 2456 1705 2491; x_wconf 80' lang='lat' dir='ltr'>ad</span> <span class='ocrx_word' id='word_1_337' title='bbox 1735 2454 1940 2500; x_wconf 77' lang='lat' dir='ltr'>Pmidem);</span> 
     </span>
     <span class='ocr_line' id='line_1_37' title="bbox 369 2502 1938 2554; baseline 0.003 -17"><span class='ocrx_word' id='word_1_338' title='bbox 369 2502 535 2538; x_wconf 89' lang='lat' dir='ltr'>Oenones</span> <span class='ocrx_word' id='word_1_339' title='bbox 562 2515 584 2538; x_wconf 81' lang='lat' dir='ltr'>a</span> <span class='ocrx_word' id='word_1_340' title='bbox 607 2503 739 2539; x_wconf 83' lang='lat' dir='ltr'>Paride</span> <span class='ocrx_word' id='word_1_341' title='bbox 766 2507 908 2541; x_wconf 82' lang='lat' dir='ltr'>amatae</span> <span class='ocrx_word' id='word_1_342' title='bbox 943 2507 1118 2551; x_wconf 87' lang='lat' dir='ltr'>‘spolium</span> <span class='ocrx_word' id='word_1_343' title='bbox 1143 2507 1383 2553; x_wconf 84' lang='lat' dir='ltr'>virginitatis&#39;</span> <span class='ocrx_word' id='word_1_344' title='bbox 1416 2509 1528 2544; x_wconf 82' lang='lat' dir='ltr'>habet</span> <span class='ocrx_word' id='word_1_345' title='bbox 1557 2509 1689 2554; x_wconf 90' lang='lat' dir='ltr'>Apollo</span> <span class='ocrx_word' id='word_1_346' title='bbox 1726 2509 1817 2545; x_wconf 88' lang='lat' dir='ltr'>deus</span> <span class='ocrx_word' id='word_1_347' title='bbox 1851 2508 1938 2543; x_wconf 81' lang='lat' dir='ltr'>‘fide</span> 
     </span>
     <span class='ocr_line' id='line_1_38' title="bbox 372 2557 1937 2607; baseline 0.004 -16"><span class='ocrx_word' id='word_1_348' title='bbox 372 2557 606 2600; x_wconf 89' lang='lat' dir='ltr'>conspicuus&#39;</span> <span class='ocrx_word' id='word_1_349' title='bbox 640 2557 760 2602; x_wconf 87' lang='lat' dir='ltr'>(Ovid.</span> <span class='ocrx_word' id='word_1_350' title='bbox 795 2559 900 2603; x_wconf 84' lang='lat' dir='ltr'>epist.</span> <span class='ocrx_word' id='word_1_351' title='bbox 935 2560 1022 2595; x_wconf 89' lang='lat' dir='ltr'>Oen.</span> <span class='ocrx_word' id='word_1_352' title='bbox 1058 2563 1195 2607; x_wconf 85' lang='lat' dir='ltr'>139ss.)</span> <span class='ocrx_word' id='word_1_353' title='bbox 1228 2564 1264 2597; x_wconf 86' lang='lat' dir='ltr'>et</span> <span class='ocrx_word' id='word_1_354' title='bbox 1289 2562 1400 2597; x_wconf 88' lang='lat' dir='ltr'>schol.</span> <span class='ocrx_word' id='word_1_355' title='bbox 1432 2563 1479 2597; x_wconf 82' lang='lat' dir='ltr'>ad</span> <span class='ocrx_word' id='word_1_356' title='bbox 1503 2562 1543 2598; x_wconf 94' lang='lat' dir='ltr'>Il.</span> <span class='ocrx_word' id='word_1_357' title='bbox 1570 2563 1662 2598; x_wconf 81' lang='lat' dir='ltr'>E64</span> <span class='ocrx_word' id='word_1_358' title='bbox 1687 2562 1937 2598; x_wconf 76' lang='lat' dir='ltr'>Alexandrum</span> 
     </span>
     <span class='ocr_line' id='line_1_39' title="bbox 366 2610 1939 2661; baseline 0.004 -16"><span class='ocrx_word' id='word_1_359' title='bbox 366 2610 515 2645; x_wconf 80' lang='lat' dir='ltr'>exhibet</span> <span class='ocrx_word' id='word_1_360' title='bbox 549 2610 776 2646; x_wconf 87' lang='lat' dir='ltr'>consuluisse</span> <span class='ocrx_word' id='word_1_361' title='bbox 812 2613 999 2648; x_wconf 88' lang='lat' dir='ltr'>oraculum</span> <span class='ocrx_word' id='word_1_362' title='bbox 1034 2614 1253 2659; x_wconf 89' lang='lat' dir='ltr'>Delphicum</span> <span class='ocrx_word' id='word_1_363' title='bbox 1291 2619 1370 2655; x_wconf 85' lang='lat' dir='ltr'>(nec</span> <span class='ocrx_word' id='word_1_364' title='bbox 1399 2627 1485 2651; x_wconf 84' lang='lat' dir='ltr'>vero</span> <span class='ocrx_word' id='word_1_365' title='bbox 1518 2616 1613 2651; x_wconf 88' lang='lat' dir='ltr'>hanc</span> <span class='ocrx_word' id='word_1_366' title='bbox 1645 2627 1724 2651; x_wconf 88' lang='lat' dir='ltr'>rem</span> <span class='ocrx_word' id='word_1_367' title='bbox 1753 2615 1939 2661; x_wconf 69' lang='lat' dir='ltr'>pertinere</span> 
     </span>
     <span class='ocr_line' id='line_1_40' title="bbox 364 2663 1935 2714; baseline 0.004 -17"><span class='ocrx_word' id='word_1_368' title='bbox 364 2663 582 2698; x_wconf 83' lang='lat' dir='ltr'>crediderim</span> <span class='ocrx_word' id='word_1_369' title='bbox 604 2664 650 2698; x_wconf 83' lang='lat' dir='ltr'>ad</span> <span class='ocrx_word' id='word_1_370' title='bbox 669 2664 791 2699; x_wconf 88' lang='lat' dir='ltr'>Bethii</span> <span class='ocrx_word' id='word_1_371' title='bbox 819 2666 863 2700; x_wconf 91' lang='lat' dir='ltr'>de</span> <span class='ocrx_word' id='word_1_372' title='bbox 889 2666 1097 2702; x_wconf 81' lang='lat' dir='ltr'>fabularum</span> <span class='ocrx_word' id='word_1_373' title='bbox 1123 2667 1336 2703; x_wconf 70' lang='lat' dir='ltr'>Troicarum</span> <span class='ocrx_word' id='word_1_374' title='bbox 1362 2668 1505 2714; x_wconf 86' lang='lat' dir='ltr'>origine</span> <span class='ocrx_word' id='word_1_375' title='bbox 1531 2670 1801 2714; x_wconf 78' lang='lat' dir='ltr'>coniecturam).</span> <span class='ocrx_word' id='word_1_376' title='bbox 1822 2667 1935 2704; x_wconf 88' lang='lat' dir='ltr'>schol.</span> 
     </span>
     <span class='ocr_line' id='line_1_41' title="bbox 361 2716 1937 2767; baseline 0.004 -17"><span class='ocrx_word' id='word_1_377' title='bbox 361 2716 400 2750; x_wconf 89' lang='lat'>11.</span> <span class='ocrx_word' id='word_1_378' title='bbox 423 2720 497 2751; x_wconf 74' lang='lat'>314</span> <span class='ocrx_word' id='word_1_379' title='bbox 523 2717 679 2751; x_wconf 83' lang='lat' dir='ltr'>traditur</span> <span class='ocrx_word' id='word_1_380' title='bbox 704 2718 778 2753; x_wconf 81' lang='lat' dir='ltr'>iam</span> <span class='ocrx_word' id='word_1_381' title='bbox 799 2719 845 2753; x_wconf 82' lang='lat' dir='ltr'>ab</span> <span class='ocrx_word' id='word_1_382' title='bbox 871 2719 980 2764; x_wconf 83' lang='lat' dir='ltr'>Ibyco</span> <span class='ocrx_word' id='word_1_383' title='bbox 1006 2721 1239 2756; x_wconf 83' lang='lat' dir='ltr'>Hectorem</span> <span class='ocrx_word' id='word_1_384' title='bbox 1263 2721 1490 2766; x_wconf 84' lang='lat' dir='ltr'>perhibitum</span> <span class='ocrx_word' id='word_1_385' title='bbox 1517 2733 1595 2757; x_wconf 89' lang='lat' dir='ltr'>esse</span> <span class='ocrx_word' id='word_1_386' title='bbox 1614 2722 1731 2757; x_wconf 90' lang='lat' dir='ltr'>filium</span> <span class='ocrx_word' id='word_1_387' title='bbox 1750 2721 1937 2767; x_wconf 72' lang='lat' dir='ltr'>Apollinis</span> 
     </span>
     <span class='ocr_line' id='line_1_42' title="bbox 363 2770 1939 2821; baseline 0.003 -17"><span class='ocrx_word' id='word_1_388' title='bbox 363 2770 424 2811; x_wconf 87' lang='lat' dir='ltr'>(de</span> <span class='ocrx_word' id='word_1_389' title='bbox 451 2770 622 2815; x_wconf 87' lang='lat' dir='ltr'>Apolline</span> <span class='ocrx_word' id='word_1_390' title='bbox 649 2770 777 2806; x_wconf 88' lang='lat' dir='ltr'>Troico</span> <span class='ocrx_word' id='word_1_391' title='bbox 805 2772 979 2807; x_wconf 86' lang='lat' dir='ltr'>disseruit</span> <span class='ocrx_word' id='word_1_392' title='bbox 1003 2773 1260 2817; x_wconf 85' lang='lat' dir='ltr'>Wilamowitz,</span> <span class='ocrx_word' id='word_1_393' title='bbox 1285 2774 1407 2809; x_wconf 87' lang='lat' dir='ltr'>Herm.</span> <span class='ocrx_word' id='word_1_394' title='bbox 1436 2778 1480 2809; x_wconf 87' lang='lat'>38</span> <span class='ocrx_word' id='word_1_395' title='bbox 1508 2779 1599 2811; x_wconf 80' lang='lat'>1903</span> <span class='ocrx_word' id='word_1_396' title='bbox 1623 2786 1659 2820; x_wconf 90' lang='lat' dir='ltr'>p.</span> <span class='ocrx_word' id='word_1_397' title='bbox 1688 2777 1779 2821; x_wconf 79' lang='lat'>576).</span> <span class='ocrx_word' id='word_1_398' title='bbox 1810 2775 1939 2810; x_wconf 84' lang='lat' dir='ltr'>nescio</span> 
     </span>
     <span class='ocr_line' id='line_1_43' title="bbox 362 2823 1934 2873; baseline 0.004 -16"><span class='ocrx_word' id='word_1_399' title='bbox 362 2833 408 2857; x_wconf 90' lang='lat' dir='ltr'>an</span> <span class='ocrx_word' id='word_1_400' title='bbox 434 2823 507 2858; x_wconf 90' lang='lat' dir='ltr'>huc</span> <span class='ocrx_word' id='word_1_401' title='bbox 533 2826 671 2868; x_wconf 86' lang='lat' dir='ltr'>spectet</span> <span class='ocrx_word' id='word_1_402' title='bbox 691 2824 915 2860; x_wconf 78' lang='lat' dir='ltr'>Cassandrae</span> <span class='ocrx_word' id='word_1_403' title='bbox 935 2827 1066 2861; x_wconf 85' lang='lat' dir='ltr'>fatum:</span> <span class='ocrx_word' id='word_1_404' title='bbox 1094 2827 1329 2872; x_wconf 83' lang='lat' dir='ltr'>aptissimum</span> <span class='ocrx_word' id='word_1_405' title='bbox 1349 2828 1501 2872; x_wconf 86' lang='lat' dir='ltr'>quidem</span> <span class='ocrx_word' id='word_1_406' title='bbox 1520 2831 1585 2871; x_wconf 81' lang='lat' dir='ltr'>est,</span> <span class='ocrx_word' id='word_1_407' title='bbox 1612 2829 1712 2873; x_wconf 88' lang='lat' dir='ltr'>quod</span> <span class='ocrx_word' id='word_1_408' title='bbox 1731 2840 1815 2864; x_wconf 88' lang='lat' dir='ltr'>cum</span> <span class='ocrx_word' id='word_1_409' title='bbox 1832 2827 1934 2864; x_wconf 79' lang='lat' dir='ltr'>Pari-</span> 
     </span>
     <span class='ocr_line' id='line_1_44' title="bbox 361 2876 1936 2923; baseline 0.004 -13"><span class='ocrx_word' id='word_1_410' title='bbox 361 2876 445 2911; x_wconf 92' lang='lat' dir='ltr'>dem</span> <span class='ocrx_word' id='word_1_411' title='bbox 472 2876 653 2921; x_wconf 90' lang='lat' dir='ltr'>Apollinis</span> <span class='ocrx_word' id='word_1_412' title='bbox 688 2877 856 2912; x_wconf 86' lang='lat' dir='ltr'>clientem</span> <span class='ocrx_word' id='word_1_413' title='bbox 890 2880 938 2913; x_wconf 84' lang='lat' dir='ltr'>sit</span> <span class='ocrx_word' id='word_1_414' title='bbox 960 2880 1167 2923; x_wconf 77' lang='lat' dir='ltr'>perditura,</span> <span class='ocrx_word' id='word_1_415' title='bbox 1207 2881 1286 2916; x_wconf 84' lang='lat' dir='ltr'>eius</span> <span class='ocrx_word' id='word_1_416' title='bbox 1311 2881 1486 2916; x_wconf 81' lang='lat' dir='ltr'>vaticinio</span> <span class='ocrx_word' id='word_1_417' title='bbox 1517 2883 1620 2917; x_wconf 77' lang='lat' dir='ltr'>nulla.</span> <span class='ocrx_word' id='word_1_418' title='bbox 1654 2882 1743 2918; x_wconf 86' lang='lat' dir='ltr'>fides</span> <span class='ocrx_word' id='word_1_419' title='bbox 1767 2881 1936 2918; x_wconf 75' lang='lat' dir='ltr'>habetur.</span> 
     </span>
    </p>
   </div>
  </div>
 </body>
</html>
