2106 3320
810 188 1104 231 ..11-

0 303 14 352 Ῐὶ
70 299 343 365 ἰ-’Ἳ-ςιιί,
370 311 439 364 qul
465 311 644 351 animum
669 315 870 351 vertamus
895 309 944 350 ad
969 310 1096 363 ipsam
1123 309 1288 350 alterius
1311 310 1355 350 in
1379 308 1547 350 alterum
1573 310 1744 350 auctori-

1 395 9 408 ·⁴
156 379 285 420 fit-
313 376 574 430 vestigiaque‚
605 374 750 429 quibus
780 371 1001 430 (interdum
1033 386 1160 428 paene
1194 374 1243 415 ad
1267 370 1454 430 verbum)
1474 386 1623 428 aequae
1649 386 1743 415 con·

0 467 4 498 3
64 438 354 496 &Q
383 453 534 495 aequae
559 442 781 481 sententiae
805 441 1036 493 offerantur,
1066 452 1166 493 quae
1191 452 1271 480 non
1296 445 1407 480 ortae
1432 441 1514 481 sint
1538 451 1586 480 ex
1611 440 1742 481 intimi

31 510 56 542 ,τ
78 498 121 531 i
155 504 289 551 asini
310 507 521 561 aequitate,
546 505 618 547 sed
637 506 885 546 extrinsecus
904 502 1171 558 arcessitae.¹)

220 569 302 614 8011
324 572 445 614 etiam
470 570 594 612 altera
619 583 668 611 ex
687 575 799 624 parte
820 572 1038 623 materiam,
1063 583 1180 624 quam
1200 569 1315 611 nobis
1335 570 1618 624 proposuimus
1638 574 1742 611 trac·

0 615 54 653 1²,
156 635 336 690 iudan,
365 638 492 679 artius
523 636 814 678 contrahimus:
847 635 1003 689 singula
1034 637 1143 677 enim
1173 635 1304 687 verba,
1336 647 1436 689 quae
1461 630 1622 689 utrique
1647 641 1741 677 sunt

11 708 12 711 ’
156 703 402 755 mia,
433 714 668 744 enumerare
694 703 879 743 existimo
904 713 1254 754 supervacaneum.
1286 712 1380 742 vere
1405 702 1609 742 temerarii
1634 701 1740 742 enim

39 776 41 778 ’
100 796 102 798 -
158 768 229 811 ‘ns
246 767 415 824 ‘quidem
434 767 568 809 iudice
593 773 666 820 est,
690 768 732 808 ln
757 768 966 820 utriusque
991 768 1153 820 scriptis
1177 765 1418 819 ubicumque
1442 765 1550 807 idem
1575 765 1740 807 verbm

156 831 319 878 &viam
343 834 405 887 tlt,
430 839 606 875 statuere
638 832 796 886 aliquod
829 827 1083 887 vinculum.⁸)
1118 843 1289 885 namque
1321 831 1460 872 eadem
1486 833 1639 872 ratione
1663 843 1742 885 qua

158 899 206 943 h
230 898 429 952 susibus,
453 901 573 940 etiam
598 899 642 939 in
667 897 838 951 singulis
862 897 996 939 verbis
1017 896 1237 938 cavendum
1256 902 1329 949 est,
1354 908 1405 937 ne
1424 909 1494 938 eae
1514 895 1742 938 similitudi-

160 975 238 1007 nes
266 963 497 1006 iudicentur
526 976 575 1005 ex
601 963 725 1004 altero
749 970 942 1018 sumptae,
974 975 1074 1017 quae
1101 962 1321 1003 debeantur
1345 964 1559 1014 communi,
1589 974 1638 1002 ex
1663 973 1743 1015 quo

160 1034 336 1084 uterqm
360 1041 482 1083 opera
507 1042 578 1070 sua
603 1030 856 1081 exstruxerit,
882 1028 1148 1070 fundamento.
1181 1040 1276 1080 ergo
1302 1039 1348 1068 ea
1374 1033 1528 1068 tantum
1553 1026 1743 1069 vocabula

160 1100 333 1151 pnsum
350 1095 498 1148 afferri,
515 1106 618 1148 quae
636 1094 686 1135 ad
705 1094 804 1135 illud
823 1099 981 1147 tempus
999 1106 1079 1134 non
1099 1093 1201 1134 alius
1221 1094 1442 1146 quisquam,
1461 1104 1580 1146 quem
1601 1104 1743 1146 seque·

163 1165 323 1215 rentur,
352 1160 599 1202 adhibuerat.
643 1158 714 1200 sed
745 1160 932 1212 quoniam
963 1160 1141 1212 priorum
1173 1163 1213 1198 et
1245 1158 1468 1211 aequalium
1501 1158 1742 1211 scriptorum

159 1225 259 1268 tibi-t
275 1231 444 1268 mutem
463 1224 641 1266 tulerunt
659 1226 927 1278 angustiores,
946 1236 1064 1277 quam
1084 1229 1129 1264 ut
1147 1236 1219 1264 nos
1239 1225 1436 1264 sermonis
1451 1224 1570 1263 Attici
1584 1225 1742 1263 novisse

158 1287 377 1334 circuitum
401 1290 631 1344 gloriemur,
657 1291 901 1343 posteriores
926 1302 1083 1342 quoque
1103 1288 1293 1329 adhibere
1313 1287 1516 1341 debemus,
1542 1290 1622 1329 nisi
1641 1288 1742 1329 sorte

158 1355 271 1412 qnod
294 1356 461 1398 verbum
487 1355 563 1396 alio
587 1368 744 1409 quoque
764 1354 850 1395 loco
871 1361 1073 1408 repertum
1093 1353 1286 1407 probatur
1304 1353 1489 1394 baustum
1510 1366 1558 1394 ex
1578 1353 1743 1394 alterius

158 1433 304 1465 eornm
329 1423 512 1476 scriptis:
538 1434 640 1474 quae
666 1420 825 1474 quidem
854 1421 1135 1473 inquisitiones
1158 1432 1312 1460 summa
1333 1418 1564 1460 difficultate
1584 1420 1743 1459 institu-

162 1492 302 1530 untur.

224 1553 351 1595 immo
374 1553 410 1593 si
435 1553 525 1606 quis
550 1563 669 1605 quem
694 1550 841 1591 librum
866 1551 1079 1603 componit,
1104 1562 1150 1590 ea
1170 1549 1286 1590 modo
1306 1548 1436 1601 verba,
1462 1561 1563 1602 quae
1583 1554 1742 1602 praesto

159 1623 262 1662 sunt
289 1618 379 1660 sins
407 1618 547 1670 menti,
578 1615 737 1657 adhibet
770 1627 898 1668 neque
925 1614 1054 1655 denuo
1079 1616 1120 1655 in
1146 1627 1237 1655 eum
1263 1615 1384 1655 linem
1409 1614 1554 1655 evolvit
1577 1614 1742 1655 alterius

160 1684 334 1738 θοι-111113
363 1671 421 1724 ut'
438 1683 629 1731 omittam,
660 1694 752 1723 cum
782 1682 939 1734 priores
969 1680 1191 1733 tragoedias
1222 1679 1437 1733 Sophocles
1469 1679 1617 1732 ederet,
1647 1679 1742 1720 Hdti

163 1747 292 1792 &ros
321 1748 534 1790 historicos
565 1753 675 1787 certe
709 1758 788 1787 non
820 1751 985 1786 cunctos
1017 1744 1092 1786 sub
1123 1746 1210 1785 eius
1241 1744 1368 1785 oculis
1401 1746 1571 1785 iacuisse
1597 1745 1743 1786 litteris

162 1813 345 1857 traditos.
365 1818 490 1854 restat
508 1814 640 1865 igitur,
660 1818 704 1852 ut
724 1810 981 1852 familiaritati
1000 1816 1039 1851 et
1052 1809 1260 1863 colloquiis
1279 1809 1489 1850 cotidianis
1508 1809 1742 1863 tribuamus,

165 1880 205 1921 si
228 1878 326 1933 quid
350 1878 452 1919 alter
475 1877 524 1919 ab
550 1877 674 1918 altero
699 1876 856 1918 videtur
881 1880 1083 1917 mutuatus
1108 1887 1212 1916 esse:
1242 1887 1322 1915 non
1348 1887 1395 1915 ex
1422 1876 1520 1927 ipsis
1546 1874 1740 1915 librorum

165 1943 280 1999 locis,
302 1943 450 1998 quibus
473 1942 668 1997 quaedam
693 1954 811 1983 voces
834 1940 950 1982 nobis
975 1940 1130 1981 obviam
1156 1941 1267 1992 flunt,
1292 1941 1466 1992 tragicus
1491 1952 1558 1980 eas
1577 1951 1740 1993 excerp·

162 2011 233 2063 ait,
256 2014 303 2052 nt
325 2021 398 2051 sua
422 2008 600 2050 dramata
625 2012 845 2048 exornaret.
870 2019 987 2060 quam
1014 2005 1064 2046 ob
1089 2018 1247 2046 causam
1274 2017 1348 2045 nos
1373 2006 1647 2045 contineamus
1672 2016 1741 2045 ne·

162 2086 281 2118 casse
298 2080 362 2116 est
378 2075 421 2115 ln
440 2075 500 2115 e1s
519 2073 652 2115 verbis
671 2086 716 2114 ac
735 2070 975 2123 nominibus,
994 2083 1095 2124 quae
1116 2072 1275 2124 propria
1295 2076 1389 2110 sunt
1407 2069 1532 2110 solius
1546 2070 1741 2110 sermonis

165 2139 286 2182 ssdtel
299 2151 429 2194 neque
443 2138 493 2180 ad
506 2138 681 2191 linguam
695 2139 862 2179 Atticam
876 2138 1133 2178 conveniunt:
1154 2136 1242 2176 dico
1256 2135 1407 2187 glossas
1421 2135 1584 2175 lonicas.
1605 2147 1741 2187 quam·

162 2218 287 2261 quam
318 2217 365 2247 ea
395 2216 553 2259 quoque
579 2203 792 2245 difficultas
817 2204 956 2255 oritur,
987 2201 1092 2255 quod
1118 2202 1331 2252 nescimus,
1362 2212 1478 2253 quem
1505 2198 1554 2239 ad
1581 2199 1739 2240 modum

162 2277 208 2315 oi
233 2282 353 2326 quem
378 2269 428 2311 ad
459 2270 579 2311 finem
607 2269 747 2322 tragici
772 2269 891 2309 Attici
917 2267 1170 2308 adhibuerint
1196 2265 1406 2306 dialectum
1433 2265 1616 2317 ionicam,
1647 2276 1739 2306 cum

166 2337 320 2379 inventi
362 2337 444 2378 sint
477 2334 535 2376 illi
573 2334 651 2377 duo
688 2334 861 2375 trimetri
898 2344 1036 2373 versus
1070 2331 1282 2384 Phrynichi
1319 2342 1418 2383 pura
1455 2329 1545 2371 lade
1582 2342 1740 2383 compo-

167 2459 213 2495 tt
233 2456 385 2504 optimi·
406 2455 602 2494 latinitatis
626 2455 836 2492 auctoribus
856 2453 967 2499 Soph.
980 2454 1078 2489 esset
1094 2452 1215 2487 denuo
1233 2450 1364 2496 tragici
1383 2449 1551 2486 cothurni
1569 2449 1740 2495 princeps

165 2511 210 2548 d
223 2508 345 2547 Edit·
360 2508 546 2545 historicis
564 2508 736 2545 evaderet
752 2506 898 2554 generis
917 2505 1100 2541 scribendi
1121 2504 1317 2550 exemplar.
1338 2524 1383 2531 —
1402 2503 1441 2539 id
1460 2513 1609 2549 quoque
1627 2501 1741 2539 affero

170 2563 210 2600 ά
237 2562 286 2599 do
308 2560 489 2609 Sophocle
518 2564 557 2599 et
585 2562 632 2598 de
657 2561 754 2597 nato
786 2559 1003 2596 disseruisse
1031 2558 1188 2594 eundem
1215 2557 1415 2593 Salustium
1448 2555 1639 2592 lamblichi
1664 2555 1739 2591 dis-

166 2614 350 2663 apulum.

235 2669 270 2714 t)
286 2678 395 2715 peres
413 2668 600 2705 ninivem
618 2668 673 2704 illi
694 2668 886 2712 utriusque
905 2678 1033 2702 sensus
1053 2666 1127 2701 ism
1147 2667 1314 2700 accurate
1333 2663 1502 2709 dispositi
1524 2664 1619 2704 sunt,
1638 2661 1741 2697 velut

170 2732 198 2759 ι
218 2720 487 2768 Nieberdingio
512 2721 656 2768 (‘Sopb.
676 2733 712 2757 u,
731 2720 821 2756 Hdt'
848 2731 970 2766 progr.
995 2722 1111 2764 1875),
1143 2718 1274 2753 Hune
1298 2717 1391 2762 (die
1417 2716 1523 2751 Bab.
1543 2727 1606 2751 zv.
1627 2714 1738 2761 Sopb.

173 2785 211 2812 ι.
229 2774 319 2812 mi·
339 2785 462 2822 progr.
485 2777 601 2820 1875),
620 2773 793 2810 Eduardo
812 2773 937 2818 Meyer
955 2772 1099 2818 (Goscb.
1119 2772 1154 2806 d.
1171 2770 1295 2806 Alteri..
1311 2769 1370 2811 IV,
1387 2773 1453 2806 118
1467 2772 1577 2814 atque
1591 2767 1740 2804 uberius

172 2825 320 2865 'oradi-
338 2839 370 2864 s.
382 2838 415 2865 ι.
428 2827 559 2865 Geton
574 2827 605 2863 11
629 2829 751 2874 (18⁹⁹)
777 2830 846 2862 252
861 2829 933 2872 ss.).
960 2827 1086 2871 ituque
1111 2825 1199 2860 satis
1225 2823 1415 2864 babemus.
1441 2833 1537 2867 quae
1556 2831 1669 2867 supra
1686 2823 1725 2857 nt

172 2879 338 2925 cunnus.
362 2891 658 2918 commemorare.

234 2934 271 2978 2)
295 2934 482 2979 quomodo
504 2944 583 2971 rom
606 2933 768 2970 instituit
790 2932 1021 2978 Nieberding
1045 2931 1069 2968 l.
1089 2931 1111 2967 l.
