2106 3320
979 160 1273 202 ⁷.64„-

818 281 864 319 D.
892 281 963 319 DE
989 280 1169 319 AIACIS
1194 279 1456 320 PROLOGO.

404 359 554 398 Novum
581 370 705 409 genus
732 362 1054 408 argumentorum
1081 369 1102 396 a
1125 356 1317 409 Sophocle
1343 369 1390 397 ex
1416 357 1511 397 Hdti
1534 357 1712 398 historiis
1738 363 1914 411 sumpto-

331 422 432 464 'rum
459 424 654 463 detexisse
679 423 777 462 mihi
803 422 939 462 videor
964 423 1077 461 initio
1104 423 1234 462 Aiacis
1259 421 1501 474 tragoediae:
1533 427 1613 463 tota
1639 424 1746 463 enim
1770 435 1914 464 scaena

341 491 487 529 mirum
514 494 703 541 quantum
740 489 939 539 conspirat
974 500 1063 527 cum
1101 489 1228 540 capite
1255 487 1423 540 quodam
1448 487 1592 542 Hdte03
1630 488 1717 528 dico
1742 488 1913 529 fabulam

339 555 390 595 de
417 554 613 594 Candaule
640 553 825 605 Gygeque
851 557 1061 592 narratam.
1098 558 1215 605 atque
1240 558 1286 592 ut
1313 555 1446 593 statim
1472 565 1666 593 summam
1692 554 1913 594 enuntiem:

339 621 483 672 aliquis
517 619 686 671 impellit
721 618 888 658 alterum
924 619 1069 658 acriter
1100 623 1364 671 recusantem,
1398 624 1443 659 ut
1469 631 1511 658 se
1535 620 1669 671 ipsum
1695 623 1915 671 aucupetur

338 698 387 725 ex
422 685 579 726 insidiis
614 684 903 736 colloquentem
943 696 1033 723 cum
1069 685 1187 724 tertia
1222 684 1389 738 quadam
1423 691 1592 737 persona
1626 678 1912 738 ludificanda1)

337 751 443 803 apud
461 750 609 791 Hdtum
635 749 766 789 sabula
799 754 926 789 exstat
947 749 971 788 1.
995 746 1016 788 1
1041 762 1097 789 cc.
1120 746 1267 801 8—10,
1292 751 1406 790 cuius
1432 755 1709 803 argumentum
1733 749 1809 790 hoc
1834 755 1912 790 est:

338 816 571 868 Candaules,
608 828 677 855 rex
704 815 913 867 Lydorum,
948 820 992 854 ut
1019 814 1116 866 Gygi
1142 815 1303 855 satelliti
1328 828 1411 865 suo,
1448 821 1592 867 quanta
1615 814 1912 868 pulchritudine

339 894 410 921 sua
436 894 536 921 uxor
562 883 624 932 sit,
650 880 897 933 persuadeat,
934 882 1126 920 acerrime
1154 880 1393 933 cohortatur,
1424 886 1471 920 ut
1493 882 1679 933 inspiciat
1703 879 1912 921 mulierem

337 946 536 998 nudatam,
564 959 654 986 cum
682 958 753 985 rex
779 951 818 985 et
844 946 979 997 regina
1007 951 1098 985 eant
1124 942 1351 1001 cubitum.²)
1386 951 1425 986 et
1449 948 1490 986 in
1515 947 1632 986 Aiace
1656 947 1820 986 ineunte
1845 957 1911 985 res

334 1014 390 1051 ita
417 1025 459 1052 se
485 1012 633 1052 habent
659 1007 736 1066 (vv,
758 1009 813 1051 66
836 1007 926 1066 ss.):
962 1009 1097 1051 Ulixes
1130 1011 1177 1051 ab
1203 1011 1369 1051 Achaeis
1395 1013 1541 1051 missus
1567 1016 1628 1051 est
1653 1010 1910 1064 exploratum,

337 1075 432 1128 quid
456 1077 565 1116 Aiaci
591 1077 738 1116 factum
765 1077 827 1116 sit.
854 1076 1017 1116 heroem
1046 1078 1153 1116 enim
1178 1078 1333 1116 insania
1359 1078 1619 1116 constrictum
1643 1075 1817 1129 pecudes
1842 1075 1910 1116 oh—

336 1148 543 1182 truncasse
570 1142 826 1193 suspicantur
851 1141 1011 1193 quidem
1033 1141 1173 1181 Graeci
1199 1154 1273 1181 nec
1293 1154 1385 1181 vero
1413 1143 1511 1181 certi
1532 1135 1744 1194 quicquam
1762 1140 1910 1181 habent

335 1209 549 1259 cognitum.
580 1206 805 1258 speculator
831 1212 961 1246 autem
989 1219 1010 1246 a
1037 1206 1108 1246 dea
1134 1207 1326 1247 adiutrice
1353 1206 1565 1259 pellicitur‚
1590 1212 1636 1246 ut
1661 1208 1824 1247 numine
1851 1205 1909 1246 di—

334 1274 426 1312 vino
453 1272 608 1312 abditus
634 1273 820 1324 inspiciat
844 1272 1005 1312 heroem
1031 1284 1219 1312 vesanum
1246 1285 1267 1312 e
1293 1274 1456 1312 tentorii
1480 1272 1603 1312 tutela
1629 1284 1834 1324 egressum
1859 1271 1908 1311 ad

335 1338 432 1378 deae
459 1338 709 1389 colloquium.

395 1404 552 1455 Aequae
579 1416 672 1454 ergo
693 1409 786 1442 sunt
804 1403 1012 1454 utriusque
1033 1402 1188 1447 fabulae
1209 1403 1481 1443 condiciones:
1508 1408 1547 1443 et
1566 1402 1694 1455 Gyges
1715 1407 1755 1442 et
1774 1401 1908 1457 Ulixes

333 1470 448 1508 inviti
483 1474 522 1508 et
555 1467 741 1520 precibus
778 1468 925 1507 frustra
960 1468 1097 1508 effusis
1124 1481 1146 1508 a
1173 1468 1342 1508 dominis
1375 1468 1597 1508 faventibus
1623 1472 1830 1520 coguntur,
1863 1473 1909 1508 ut

332 1535 500 1573 miseras
536 1533 622 1572 illas
658 1545 848 1585 personas
883 1534 1113 1573 intueantur
1137 1533 1321 1587 nudatas3
1357 1546 1448 1574 nam
1473 1534 1603 1573 Aiacis
1637 1545 1804 1586 quoque,
1838 1534 1908 1586 qui

333 1601 505 1651 pessima
531 1600 684 1638 insania
710 1610 924 1650 oppressus
950 1611 1029 1638 non
1057 1598 1192 1639 debuit
1218 1599 1395 1639 incidere
1416 1601 1458 1639 in
1479 1601 1607 1639 visum
1628 1603 1908 1651 spectatorum,

332 1670 529 1716 tamquam
565 1663 721 1703 nuditas
756 1663 989 1715 producitur
1014 1665 1055 1703 in
1084 1664 1219 1704 oculos
1255 1667 1488 1717 spectatoris
1520 1660 1733 1719 latentis.⁸)
1772 1669 1812 1704 et
1836 1664 1905 1716 qui

331 1729 492 1769 iubetur
518 1730 597 1768 frui
623 1729 762 1768 fraude
789 1729 928 1781 oblata,
955 1729 1139 1769 omnibus
1159 1731 1242 1770 suis
1262 1730 1413 1770 viribus
1434 1735 1603 1782 recusat,
1629 1730 1842 1783 quominus
1862 1730 1904 1768 in

332 1794 558 1846 spectaculo
585 1794 703 1834 adsit:
730 1794 912 1845 ambages
932 1795 1094 1846 profert,
1120 1796 1303 1835 timorem
1324 1796 1535 1835 confitetur
1554 1796 1713 1835 frustra.
1740 1806 1903 1847 corrup·

333 1865 407 1911 tor,
443 1861 538 1911 quin
570 1860 842 1899 firmissimum
874 1861 1077 1911 praesenti
1102 1860 1290 1911 praebeat
1314 1862 1597 1912 testimonium,
1631 1873 1711 1900 non
1738 1859 1904 1912 desistit,

332 1923 458 1963 donec
493 1924 605 1963 illum
639 1923 801 1975 pellexit
826 1937 871 1963 ac
896 1926 1103 1976 permovit,
1138 1930 1182 1964 ut
1207 1927 1293 1976 ipso
1320 1925 1527 1965 adiuvante
1553 1927 1787 1977 prostitutae
1813 1937 1905 1978 per-

332 2001 453 2028 sonae
478 1989 673 2041 perserret
699 1985 980 2044 adspectumfi)

393 2099 428 2141 1)
453 2097 610 2141 simplex
635 2097 786 2141 quidem
806 2099 1075 2142 argumentum,
1102 2098 1132 2132 si
1153 2098 1236 2142 quis
1257 2109 1348 2142 quas
1368 2110 1542 2144 personas
1565 2100 1779 2143 aucupatur,
1804 2098 1902 2133 nihil

331 2161 419 2194 prae
445 2162 483 2185 se
508 2151 578 2185 fert
601 2150 753 2195 proprii.
780 2151 880 2185 velut
903 2151 943 2185 in
968 2151 1049 2195 ipso
1076 2152 1146 2187 hoc
1170 2152 1296 2196 mytho
1322 2151 1523 2187 invenitur:
1555 2151 1711 2187 Lesches
1737 2151 1837 2187 enim
1862 2151 1902 2186 in

330 2204 446 2239 Iliade
464 2204 606 2239 minore
624 2204 711 2239 fecit
727 2204 870 2248 puellas
884 2204 1031 2239 Troicas
1048 2205 1288 2250 (captivorum
1306 2205 1386 2241 loco
1400 2206 1703 2250 scrutandorum),
1721 2205 1903 2240 iudicium

331 2269 415 2291 cum
440 2258 576 2292 ferrent
600 2258 645 2292 de
670 2257 835 2301 praemio
861 2258 1069 2292 certaminis
1089 2258 1184 2293 inter
1197 2258 1348 2293 Aiacem
1366 2258 1587 2303 Ulixemque
1607 2258 1733 2302 exorti,
1759 2258 1900 2294 sublec-

331 2313 386 2345 tas
406 2322 429 2346 a
448 2311 737 2355 speculatoribus
764 2310 831 2345 sub
852 2311 982 2346 Troiae
1008 2312 1201 2346 moenibus
1221 2312 1282 2357 (of.
1303 2313 1474 2356 excerpta
1490 2311 1639 2357 Procli):
1666 2312 1900 2356 eundemque

330 2363 507 2399 Leschem
532 2366 675 2399 secutus
703 2363 812 2408 Soph.
832 2364 937 2399 finxit
960 2364 1113 2400 Aiacem
1137 2365 1283 2401 insania
1306 2365 1523 2401 instrictum.
1562 2365 1687 2400 eontra
1710 2365 1772 2400 hic
1796 2365 1903 2400 aliter

330 2429 387 2452 res
414 2429 452 2453 se
476 2417 603 2452 habet:
637 2429 732 2452 unus
759 2417 858 2452 enim
885 2418 1068 2462 decipitur
1092 2418 1137 2453 ab
1164 2419 1288 2463 altero,
1315 2419 1380 2464 qui
1405 2419 1486 2464 ipse
1510 2419 1658 2454 tertium
1684 2419 1836 2454 collocet
1859 2419 1900 2454 iu

329 2470 487 2505 insidiis.

380 2527 427 2569 2)
453 2525 523 2559 hoc
547 2525 626 2559 loco
653 2525 698 2559 de
725 2536 769 2559 ea
793 2525 919 2560 fabula
943 2526 1146 2575 accuratius
1172 2537 1280 2571 agere
1304 2526 1359 2560 nil
1383 2526 1500 2568 iuvat3
1527 2526 1657 2571 delego
1677 2526 1725 2561 ad
1743 2525 1899 2570 inquisi-

327 2578 467 2612 tionem
489 2577 606 2612 Caroli
626 2577 726 2612 Fries
753 2578 966 2622 inscriptam
986 2578 1153 2613 Susanna
1178 2578 1328 2624 (Orient.
1348 2578 1415 2613 Lit.
1437 2579 1513 2624 Ztg.
1536 2583 1602 2614 113
1631 2582 1722 2614 1910
1746 2591 1783 2624 p.
1798 2579 1898 2624 346);

328 2633 367 2665 et
390 2631 432 2666 K.
447 2631 500 2666 Fl.
515 2631 644 2674 Smith,
670 2631 731 2666 the
752 2632 824 2666 tale
849 2632 890 2666 of
911 2631 1033 2677 Gyges
1059 2632 1133 2667 and
1157 2632 1218 2666 the
1237 2631 1337 2676 King
1361 2631 1402 2666 of
1416 2631 1534 2675 Lydia
1559 2631 1696 2677 (Amer.
1716 2631 1841 2667 Journ.
1861 2631 1903 2667 of

330 2684 461 2719 Philol.
483 2688 527 2719 23
555 2687 645 2719 1902
671 2696 708 2729 p.
730 2688 795 2719 261
825 2696 864 2728 s.‚
892 2689 957 2721 361
986 2686 1045 2730 s.);
1073 2685 1116 2719 cf.
1142 2684 1254 2720 etiam
1278 2684 1407 2719 Esther
1432 2685 1447 2719 I
1475 2689 1528 2719 11.

387 2739 423 2782 3)
449 2738 494 2772 de
519 2737 664 2772 insania
688 2749 710 2773 a
734 2738 882 2783 tragicis
914 2739 952 2773 in
978 2749 1110 2774 scaena
1138 2738 1222 2773 ficta
1247 2738 1325 2782 agit
1347 2738 1392 2772 H.
1412 2738 1570 2781 Harries,
1604 2737 1898 2773 naturalistische

330 2789 565 2835 Darstellung
590 2791 784 2826 seeliseher
803 2791 946 2827 Affekte
971 2792 1009 2826 in
1035 2793 1100 2826 der
1123 2791 1331 2836 tragischen
1356 2791 1474 2826 Kunst
1499 2792 1563 2826 der
1587 2790 1768 2826 Griechen
1794 2794 1897 2826 1903.

390 2845 425 2887 4)
452 2854 562 2887 quam
583 2844 630 2878 ad
649 2855 818 2879 scaenam
836 2845 1132 2889 perspiciendam
1151 2844 1289 2889 optime
1309 2845 1530 2879 conveniunt
1548 2845 1659 2880 verba
1676 2844 1766 2879 Hdti
1786 2845 1829 2891 (c.
1843 2845 1896 2890 8):

327 2891 407 2930 ὦτα
432 2895 501 2941 γὰρ
528 2895 699 2942 τυγχάνει
725 2897 960 2942 ἀνθρώποισι
982 2897 1090 2934 ἐόντα
1111 2895 1334 2941 ἀπιστότερα
1354 2897 1572 2943 ὀφθαλμῶν,
1600 2909 1695 2942 quae
1715 2909 1757 2933 eo
1776 2897 1897 2942 magis
