2106 3320
970 151 1263 194 -1g.-

393 275 659 316 Asserendum
685 275 807 324 igitur
832 278 894 312 est
918 273 1115 312 somnium
1136 272 1407 325 Aeschyleum,
1432 273 1536 326 quod
1555 275 1633 314 iam
1653 287 1791 315 sumus
1809 286 1900 327 per-

333 342 549 382 tractaturi.
588 339 658 379 sed
690 344 734 378 ut
765 337 947 390 Aeschyli
979 339 1078 377 ratio
1113 344 1220 377 recte
1253 344 1524 391 cognoscatur,
1542 347 1545 349 ·
1563 339 1772 392 diligenter
1801 352 1902 392 quas

334 406 587 447 condiciones
612 405 848 456 imposuerit
873 404 948 443 toti
968 402 1272 454 Clytaemestrae
1298 404 1388 455 fato,
1414 405 1611 457 inspicere
1639 404 1838 445 debemus.

391 471 445 511 Ac
471 472 645 523 primum
671 469 830 521 quidem
858 467 1067 507 dicendum
1094 473 1155 507 est
1180 469 1369 520 reginam,
1395 471 1572 520 quamvis
1591 481 1730 522 magna
1750 469 1900 510 scelera

334 539 370 578 ei
390 536 667 586 attribuantur,
688 534 869 574 obtinere
889 538 1021 573 tamen
1043 532 1275 584 dignitatem
1294 534 1474 574 mulieris
1493 535 1686 575 heroicae.
1713 546 1814 587 quae
1833 546 1901 574 res

332 602 479 656 pendet
504 613 552 640 ex
578 612 622 639 ea
649 601 813 650 ratione,
841 611 916 650 qua
942 599 1070 638 omnis
1095 597 1253 650 trilogia
1277 599 1491 652 Aeschylea
1517 596 1791 655 continetur.¹)

391 668 435 707 In
455 666 617 706 Homeri
643 664 885 704 carminibus
913 665 1037 715 epicis
1062 663 1122 702 illi
1142 665 1293 703 somnio
1313 665 1483 716 spatium
1496 677 1582 705 non
1602 667 1801 706 exstitisse
1821 666 1900 705 iam

333 745 452 786 supra
482 731 672 784 vidimus3
705 735 840 769 contra
873 729 974 781 apud
1002 729 1285 782 Stesichorum,
1317 742 1434 781 grave
1467 743 1543 782 quo
1575 735 1680 770 totus
1711 731 1902 778 carminis

331 798 488 839 habitus
511 796 680 836 dilucide
700 795 967 835 illustraretur
986 794 1026 833 id
1045 794 1167 833 fuisse
1188 800 1476 846 argumentum.
1500 795 1638 835 eodem
1652 795 1768 835 modo
1782 797 1900 835 etiam

332 866 373 904 in
407 862 607 914 tragoedia
634 860 846 912 Aeschylea
882 861 1080 899 somnium
1115 871 1231 899 causa
1268 865 1327 899 est
1365 860 1508 912 agendi
1544 861 1786 912 gravissima,
1825 872 1901 912 qua

331 928 487 970 Electra
513 927 736 978 chorusque
763 925 811 965 ad
837 924 1063 977 sepulcrum
1092 924 1296 976 ducantur,
1321 925 1391 965 ubi
1417 938 1530 965 soror
1548 930 1806 978 recognoscat
1823 925 1903 965 fra·
1932 943 1935 947 ’

331 1000 444 1034 trem.
471 991 694 1045 prodigium
721 995 850 1030 autem
877 990 951 1029 hoc
977 995 1054 1030 est:
1089 992 1215 1030 instar
1242 990 1423 1030 draconis
1449 991 1553 1030 filius
1580 991 1627 1030 ab
1653 1003 1699 1031 ea
1723 992 1809 1043 ipsa
1833 1002 1902 1043 ge-

331 1061 439 1099 nitus
473 1059 588 1097 matri
619 1057 775 1108 obrepit
807 1061 846 1095 et
872 1068 962 1094 cum
991 1056 1088 1095 lacte
1114 1055 1247 1095 haurit
1272 1057 1504 1108 sanguinem
1529 1061 1765 1096 maternum.
1801 1068 1902 1108 quae

331 1127 460 1175 imago
488 1124 600 1162 decet
626 1122 750 1161 tilium
773 1122 814 1160 in
833 1126 1001 1160 matrem
1021 1120 1359 1175 crudelissimum3
1386 1127 1426 1161 et
1444 1122 1621 1173 profecto
1642 1123 1678 1161 ei
1699 1133 1900 1174 compara-

332 1192 430 1230 tioni
451 1202 471 1229 a
492 1193 676 1240 serpente
696 1187 912 1238 obrepente
933 1191 1112 1237 sumptae
1132 1187 1227 1225 satis
1246 1199 1386 1238 magna
1405 1188 1510 1226 inest
1528 1183 1806 1242 ignominia.²).
1825 1198 1902 1226 nec

333 1268 424 1295 vero
459 1267 531 1294 cur
564 1254 680 1293 draco
713 1253 884 1304 fingatur
915 1257 1031 1303 atque
1064 1257 1179 1291 natus
1211 1253 1263 1291 sit
1292 1249 1546 1303 intellegitur,
1581 1253 1659 1291 nisi
1685 1252 1759 1292 hoc
1785 1263 1902 1303 argu-

332 1326 510 1360 mentum
531 1318 735 1359 residuum
755 1317 956 1357 credimus
976 1329 1023 1355 ex
1044 1318 1176 1368 priore
1192 1318 1320 1356 somni
1334 1313 1508 1372 forma.·⁰’)
1531 1317 1600 1357 sed
1613 1317 1718 1369 apud
1730 1317 1902 1369 Aeschy-

332 1386 414 1426 lum
448 1386 630 1425 draconis
662 1385 790 1434 imago
824 1382 1024 1421 debilitata
1057 1387 1127 1421 est.
1160 1395 1251 1421 nam
1284 1395 1373 1421 cum
1401 1382 1652 1422 Stesichorus
1686 1383 1901 1435 servaverit

331 1452 531 1504 propriam
559 1449 901 1501 significationem,
928 1460 1003 1497 qua
1027 1452 1208 1487 mortuus
1232 1447 1374 1487 ultioni
1399 1447 1614 1500 provideat,
1638 1447 1809 1488 ultorem
1828 1449 1903 1486 im·

333 1516 464 1569 pellat,
495 1515 625 1554 media
650 1516 691 1553 in
719 1514 874 1552 actione
901 1517 1055 1552 constet
1080 1518 1196 1564 atque
1222 1514 1307 1564 ipse
1335 1525 1468 1552 coram
1493 1525 1616 1553 uxore
1641 1511 1902 1565 perterrenda

333 1582 602 1632 conspiciatur
626 1580 751 1618 torma
777 1577 965 1630 terribili3
993 1583 1129 1617 contra
1153 1578 1367 1630 Aeschylea
1392 1580 1433 1617 in
1459 1578 1672 1630 tragoedia,
1704 1580 1780 1618 etsi
1804 1578 1902 1630 Aga-

334 1659 503 1698 memno,
537 1657 653 1697 quem
687 1643 907 1683 adiutorem
938 1649 1190 1695 praesentem
1221 1643 1411 1684 advocant
1443 1643 1558 1683 liberi
1587 1643 1779 1683 ultionem
1810 1655 1902 1695 per-

393 1774 427 1817 1)
454 1773 498 1807 cf.
523 1772 665 1813 Rohde,
697 1770 837 1814 Psyche
862 1769 895 1804 II
927 1773 1006 1805 228.
1050 1770 1119 1804 hac
1149 1770 1290 1806 ratione
1316 1770 1518 1814 Aeschylus
1550 1770 1798 1805 demonstrate
1829 1769 1903 1804 sibi

334 1826 584 1871 proposuerat,
610 1826 652 1858 ut
676 1825 753 1858 tota
778 1822 990 1857 Atridarum
1014 1834 1105 1867 gens
1126 1823 1193 1857 sub
1219 1824 1320 1868 genii
1346 1823 1474 1858 ultoris
1501 1823 1791 1858 dominationem
1816 1822 1903 1857 sub·

333 1880 428 1915 iecta
455 1877 676 1923 gravissima
704 1876 840 1911 scelera
859 1875 1079 1918 admisisset,
1105 1876 1333 1920 gravissimis
1352 1877 1482 1920 poenis
1501 1876 1632 1912 affecta
1650 1878 1756 1919 esset,
1782 1886 1904 1920 usque

334 1933 423 1967 dum
449 1932 594 1967 Orestes
621 1931 772 1965 deorum
798 1928 936 1964 auxilio
963 1928 1130 1973 expiatus
1154 1940 1276 1973 poena
1299 1929 1526 1964 liberaretur.
1562 1929 1688 1973 itaque
1712 1929 1752 1964 in
1776 1928 1905 1964 fabula

335 1985 538 2029 Aeschylea
563 1984 654 2028 Clyt.
682 1982 850 2027 quamvis
876 1982 1050 2027 gravibus
1076 1982 1285 2026 implicetur
1309 1983 1518 2025 sceleribus,
1543 1983 1666 2017 tamen
1692 1982 1727 2017 ei
1753 1992 1904 2026 quoque

335 2039 470 2083 quibus
503 2036 729 2083 argumentis
762 2035 978 2070 defendatur
1008 2036 1118 2079 atque
1151 2037 1363 2079 excusetur,¹
1389 2035 1609 2070 tribuuntur.
1647 2046 1768 2079 neque
1801 2035 1901 2070 enim

333 2103 469 2128 vesana
494 2093 530 2127 et
554 2091 712 2126 obscena
735 2088 892 2123 libidine
916 2089 1025 2132 poeta
1049 2088 1156 2133 fingit
1179 2089 1347 2134 reginam
1371 2089 1560 2123 incitatam
1582 2089 1629 2123 ad
1648 2089 1798 2124 caedem
1817 2099 1900 2124 con-

333 2146 450 2191 iugis;
470 2145 595 2190 potius
616 2142 802 2179 communi
822 2141 1022 2186 cupiditate
1042 2141 1243 2177 ulciscendi
1262 2142 1301 2176 in
1313 2142 1482 2187 Aegisthi
1499 2142 1709 2177 societatem
1721 2141 1904 2186 abripitur

334 2200 478 2244 (Agam.
501 2201 675 2240 1222-6,
707 2199 797 2231 1577
819 2196 871 2240 s.).
909 2206 1031 2238 neque
1061 2197 1174 2240 negat
1202 2195 1362 2241 tragicus
1392 2195 1642 2230 matricidium
1674 2194 1790 2230 scelus
1822 2205 1903 2230 esse

333 2253 494 2287 immane
526 2250 855 2292 detestandumque
882 2247 1056 2293 (Choeph.
1078 2252 1182 2291 1006,
1210 2252 1312 2291 1015,
1341 2250 1456 2294 1074).
1496 2247 1586 2292 Clyt.
1606 2247 1721 2293 igitur
1744 2258 1767 2282 a.
1790 2247 1903 2292 genio

334 2306 398 2341 illo
418 2305 538 2350 gentis
558 2305 675 2339 ultore
694 2302 856 2346 impulsa
875 2301 1069 2336 eonsilium
1087 2301 1174 2336 iniit
1190 2302 1312 2337 mariti
1326 2301 1561 2336 interimendi
1574 2301 1819 2346 (Agam.1498
1827 2302 1900 2346 ss.),

335 2360 370 2394 et
389 2358 533 2394 Orestes
560 2358 606 2393 ab
630 2357 711 2401 ipso
732 2356 800 2390 deo
821 2354 1031 2389 admonitus
1050 2355 1224 2399 gravibus
1244 2354 1356 2389 minis
1377 2354 1520 2400 cogitur
1538 2355 1586 2389 ad
1604 2354 1730 2389 matris
1751 2354 1902 2390 caedem

333 2412 562 2456 patrandam,
589 2421 700 2454 quam
727 2408 879 2453 quidem
895 2407 1046 2451 perficit
1069 2408 1186 2443 libero
1211 2408 1361 2443 iudicio.
1388 2418 1479 2452 quas
1505 2408 1553 2443 ad
1578 2407 1810 2443 condiciones
1836 2419 1900 2453 op-

332 2466 422 2500 time
448 2466 627 2509 quadrare
653 2463 765 2498 etiam
789 2460 954 2495 mulieris
981 2461 1166 2495 somnium
1191 2461 1492 2496 demonstremus.

393 2520 427 2563 2)
454 2529 484 2552 e.
510 2529 563 2562 gr.
590 2517 754 2561 spectant
782 2514 821 2548 in
851 2513 974 2548 hostes
1005 2513 1159 2559 ignavos
1192 2514 1287 2558 Sept.
1309 2525 1337 2549 c.
1358 2514 1424 2548 Th.
1445 2525 1502 2549 vv.
1527 2517 1608 2557 278,
1641 2518 1721 2557 368,
1753 2517 1834 2557 490,
1866 2515 1904 2549 et

334 2571 443 2607 Choe.
464 2574 532 2605 247
567 2580 715 2614 serpens
739 2568 890 2602 vocatur
924 2566 1056 2607 δεινός.
1090 2569 1214 2602 contra
1238 2567 1381 2602 Orestes
1413 2568 1450 2601 et
1473 2567 1615 2602 Electra
1645 2568 1717 2612 ipsi
1750 2578 1788 2603 se
1817 2578 1901 2603 oon-

332 2625 454 2660 ferunt
485 2635 567 2658 cum
599 2622 735 2667 aquilis
767 2620 889 2665 (Choe.
911 2622 979 2653 245
1006 2621 1078 2665 ss.),
1114 2620 1244 2655 chorus
1276 2620 1495 2665 Aegisthum
1528 2620 1902 2664 Clytaemestramque

334 2677 554 2713 draconibus
582 2676 703 2721 (Choe.
726 2674 843 2715 1045).

394 2732 428 2775 3)
454 2741 501 2765 an
534 2730 617 2774 quis
650 2726 846 2764 coniecerit
877 2724 1040 2761 Orestem
1071 2727 1270 2772 significari
1302 2727 1508 2769 draconem,
1541 2726 1680 2771 quippe
1711 2725 1778 2770 qui
1808 2725 1902 2761 falso

333 2783 521 2818 nuntietur
550 2783 768 2822 mortuus,
800 2780 842 2812 ut
873 2788 998 2814 servus
1030 2780 1209 2816 exclamet
1233 2779 1355 2825 (Choe.
1377 2781 1476 2824 886);
1514 2777 1580 2815 τὸν
1607 2781 1724 2821 ζῶντα
1755 2777 1901 2815 καίνειν

333 2837 420 2875 τοὺς
443 2833 675 2879 τεθνηκότας
700 2833 814 2879 leym?
848 2842 942 2874 quae
974 2833 1126 2878 quidem
1157 2833 1254 2868 fictio
1286 2832 1458 2867 artificior
1483 2834 1538 2867 est
1560 2843 1628 2876 pro
1648 2831 1820 2877 Aeschyli
1844 2843 1904 2867 ra-

333 2888 496 2923 tionibus
521 2899 563 2923 ac
587 2887 824 2932 temporibus.
