2106 3320
369 273 413 312 In
447 273 550 312 vasis
583 272 700 324 pictis
735 272 857 322 igitur
889 270 999 310 Paris
1035 271 1199 322 fingitur
1231 271 1432 323 legitimus
1473 274 1577 324 regis
1613 272 1718 312 filius
1752 284 1883 324 neque

310 342 444 391 pastor
469 337 680 388 obscurus,
713 336 801 375 talis
827 348 920 387 ergo
947 348 968 375 a
998 335 1219 388 pictoribus
1246 341 1285 376 et
1315 349 1336 376 a
1362 337 1477 389 vulgo
1511 338 1778 377 exsistimatus
1804 342 1885 377 est:

310 407 471 442 ornatus
497 403 583 442 eius
609 407 669 441 est
688 401 934 453 magnificus,
959 400 1042 453 lyra
1061 402 1103 439 in
1124 402 1210 440 eius
1230 402 1412 442 manibus
1432 404 1574 455 posita,
1600 415 1690 442 cum
1709 403 1882 454 pastoris

309 480 453 508 munus
478 467 619 507 leviter
637 472 790 506 tantum
816 467 1000 517 tangitur.
1036 467 1077 505 in
1103 465 1234 518 aliqua
1258 479 1351 507 vero
1377 469 1533 519 pictura
1560 464 1883 523 amoenissima¹)

307 538 442 586 pastor
467 534 596 584 pictus
623 536 682 571 est
712 544 791 571 una
823 544 913 571 cum
944 531 1085 571 bubus.
1137 543 1213 583 qua
1244 533 1286 571 in
1318 533 1505 585 amphora
1531 533 1755 573 italoionica
1780 545 1880 585 quae

307 610 475 650 persona
517 596 565 636 ad
605 596 787 636 Paridem
823 596 975 636 accedit
1009 601 1262 648 antegressus
1300 597 1543 638 Mercurium
1579 603 1741 650 tresque
1777 597 1882 650 deas,

308 663 579 715 Furtwangler
606 658 693 716 (1.1.
720 662 735 701 l
762 659 818 701 93
846 675 897 701 ss.
923 661 999 702 tab.
1028 658 1105 717 21)
1134 663 1192 701 sic
1218 665 1417 715 exposuit:
1458 661 1516 703 ‘es
1548 663 1654 703 kann
1677 662 1781 702 wohl
1807 675 1884 703 nur

309 728 521 768 Priamos
548 729 719 779 gemeint
746 729 844 778 sein,
872 727 942 767 der
967 740 1086 766 voran
1107 727 1200 778 geht
1224 727 1306 767 und
1327 727 1403 768 den
1417 728 1516 780 Weg
1535 741 1583 768 zu
1603 729 1755 768 seinem
1775 727 1883 768 Sohn

310 794 379 833 auf
400 793 488 833 dem
509 793 576 832 lda
595 791 736 832 weist’.
769 792 874 844 quod
900 793 934 831 si
961 798 1113 832 rectum
1140 788 1256 846 θεῖ’),
1284 794 1370 832 sine
1395 793 1488 833 ullis
1514 793 1745 846 ambagibus
1769 792 1882 832 Paris

308 859 555 910 significatur
581 859 736 909 agnitus
768 859 874 910 regis
900 857 1017 909 filiuS‚
1049 863 1166 909 atque
1192 857 1233 897 id
1264 858 1393 898 medio
1421 859 1503 898 fere
1530 864 1639 898 sexto
1665 853 1883 913 saecu103).

366 924 410 962 In
446 928 613 963 aetatem
645 922 844 974 aliquanto
886 924 1149 963 recentiorem
1189 925 1456 975 pervenimus,
1497 923 1695 975 siquidem
1732 922 1883 963 Robert

308 994 415 1028 recte
435 990 718 1040 interpretatus
739 993 800 1028 est
818 988 925 1028 illam
947 988 1063 1040 Brygi
1089 990 1253 1040 pictoris
1272 988 1527 1028 Atheniensis
1547 989 1596 1039 (c.
1611 1001 1758 1028 annum
1778 986 1882 1040 500)

307 1059 501 1105 pateram,
537 1055 650 1093 cuius
687 1053 734 1093 de
769 1055 923 1105 pictura
955 1053 1252 1106 interpretanda
1285 1053 1412 1094 adhuc
1447 1055 1522 1093 viri
1558 1054 1663 1094 docti
1697 1056 1802 1094 inter
1839 1066 1883 1094 se

308 1118 540 1171 disceptant.
590 1118 738 1158 Robert
774 1120 880 1158 enim
917 1114 1024 1173 (Bild
1063 1118 1145 1158 und
1177 1119 1274 1158 Lied
1309 1117 1420 1159 1881
1455 1132 1490 1171 p.
1528 1117 1586 1159 90
1601 1115 1672 1171 ss)
1708 1121 1886 1171 agnoscit

305 1183 459 1223 Paridis
485 1183 657 1223 reditum
682 1185 723 1223 in
750 1183 910 1223 domum
939 1180 1157 1239 patriam.⁴)
1196 1184 1266 1224 sed
1291 1180 1603 1240 Engelmann05)
1630 1184 1886 1225 concedimus

306 1248 453 1289 reditui
471 1249 637 1301 Paridis,
665 1262 754 1289 cum
779 1262 858 1288 non
886 1251 938 1288 sit
956 1250 1159 1301 expositus
1185 1262 1313 1302 neque
1336 1251 1575 1302 recognitus,
1601 1262 1681 1289 non
1702 1262 1789 1289 esse
1810 1262 1883 1290 cur

307 1316 517 1366 quicquam
545 1316 734 1354 momenti
760 1310 1014 1369 tribuatur6).

367 1379 444 1419 Sed
478 1379 572 1419 licet
604 1379 701 1418 haec
732 1381 842 1431 prior
875 1379 1038 1419 Roberti
1077 1379 1124 1418 de
1159 1379 1300 1419 Paride
1335 1379 1587 1419 adulescente
1624 1381 1878 1420 coniecturae

307 1456 399 1496 pars
432 1456 572 1496 parum
608 1445 720 1483 firma
756 1445 818 1495 sit,
857 1444 980 1483 altera
1013 1444 1226 1497 obtinetur,
1265 1458 1364 1497 quae
1400 1450 1460 1484 est
1496 1444 1543 1484 de
1577 1437 1876 1485 Andromachae

306 1509 544 1560 Euripideae
570 1522 627 1548 vv,
655 1506 902 1549 293--300
952 1509 1100 1549 Robert
1125 1512 1231 1549 enim
1257 1507 1364 1564 (Bild
1389 1524 1426 1550 u.
1449 1510 1545 1550 Lied
1570 1523 1606 1562 p.
1634 1508 1720 1550 235
1746 1507 1796 1566 s.)
1825 1512 1883 1550 eis

307 1574 438 1613 verbis
465 1576 614 1626 optime
648 1574 806 1614 defendi
832 1581 1042 1614 censuerat
1068 1577 1334 1615 coniecturam
1363 1589 1485 1627 suam,
1511 1577 1702 1616 nimirum
1729 1575 1878 1628 Sopho—

308 1638 409 1679 clem
436 1639 593 1679 demum
612 1635 877 1694 Ἀλεξοὲνὸρςο
898 1640 1098 1691 tragoedia
1118 1640 1271 1680 ParIdis
1291 1641 1601 1681 adulescentiam
1621 1643 1663 1680 in
1683 1654 1729 1681 eo
1749 1646 1876 1681 muta-

305 1705 421 1756 visse,
448 1704 552 1757 quod
579 1705 747 1756 fingeret
772 1706 1071 1757 expositionem,
1104 1719 1180 1758 qua
1206 1706 1401 1758 quomodo
1435 1708 1541 1758 regis
1567 1706 1672 1746 filius
1698 1708 1740 1746 in
1765 1718 1878 1746 mon·

305 1768 411 1809 tibus
436 1769 556 1809 boum
581 1776 714 1821 pastor
740 1771 960 1821 exsisteret,
988 1770 1263 1823 explicaretur.
1315 1771 1458 1823 quihus
1492 1771 1539 1811 de
1571 1771 1753 1811 versibus
1779 1773 1876 1812 satis

370 1873 402 1916 1)
429 1883 656 1916 quamquam
680 1873 864 1916 prioribus
889 1874 1117 1917 temporibus
1142 1873 1347 1908 habebatur
1371 1874 1542 1918 parodia!

366 1926 401 1970 2)
426 1925 585 1960 Holland
610 1925 648 1959 in
673 1926 847 1960 Roscheri
871 1926 941 1961 lex.
961 1927 1074 1970 myth.
1096 1938 1123 1961 s.
1144 1938 1177 1960 v.
1199 1926 1330 1961 ‘Paris’
1352 1938 1389 1971 p.
1412 1931 1518 1973 16099
1540 1927 1723 1972 intellegit
1740 1927 1875 1962 Iovem.

368 1979 402 2023 3)
428 1981 469 2013 ut
494 1978 614 2021 Graes,
639 1990 736 2023 mag.
757 1979 820 2021 ilL,
846 1979 1113 2024 benignissime
1137 1991 1196 2014 me
1223 1980 1357 2014 docuit.

368 2032 403 2076 4)
424 2032 578 2066 eandem
598 2032 815 2067 sententiam
833 2032 970 2067 Robert
988 2033 1107 2067 denuo
1126 2033 1311 2077 professus
1332 2034 1386 2080 est
1405 2033 1443 2067 in
1463 2033 1708 2077 Pauly-Wiss.
1723 2033 1870 2077 Encycl.

307 2096 333 2118 s.
359 2096 393 2119 v.
421 2084 592 2129 ‘Brygos'
620 2096 651 2119 a.
682 2088 770 2120 1897
797 2097 833 2130 p.
855 2088 977 2132 92243.

367 2138 401 2183 5)
427 2138 601 2173 Roscheri
625 2137 711 2173 Lex.
735 2151 784 2173 m.
811 2150 838 2173 s.
864 2150 921 2173 vv.
948 2138 1088 2173 Helena
1112 2139 1233 2173 11968
1260 2140 1297 2174 et
1321 2139 1531 2175 Kassandra
1556 2139 1684 2175 11981.

368 2193 402 2235 6)
429 2191 511 2225 Sittl
544 2191 696 2235 quidem
728 2191 934 2236 (Gebarden
966 2193 1001 2226 d.
1028 2191 1208 2226 Griechen
1239 2205 1274 2227 u.
1299 2193 1434 2228 Romer
1461 2196 1552 2227 1890
1577 2205 1612 2237 p.
1640 2195 1742 2240 2⁷⁷2)
1774 2194 1875 2238 quod

305 2245 460 2279 eandem
485 2245 686 2289 imaginem
704 2245 816 2279 trahit
840 2245 879 2279 in
898 2247 1040 2290 partem
1059 2245 1287 2288 contrariam,
1315 2258 1398 2280 cum
1418 2246 1666 2281 Alexandrum
1686 2247 1876 2292 intellegat

304 2308 417 2332 manu
443 2298 528 2332 data
552 2298 597 2332 ab
623 2298 775 2333 Hecuba
798 2299 948 2343 agnosci
973 2298 1102 2342 filium,
1128 2299 1304 2333 erravisse
1323 2295 1417 2333 mihi
1436 2299 1591 2333 videtur.
1629 2310 1749 2343 neque
1775 2300 1875 2335 enim

305 2350 402 2385 filius
427 2351 643 2395 gravissime
668 2362 690 2386 a
714 2351 887 2386 fratribus
922 2363 1118 2396 oppressus
1150 2354 1231 2397 (nec
1261 2353 1477 2388 vestimento
1508 2352 1683 2396 pastorali
1710 2353 1787 2388 sive
1813 2353 1873 2388 iti-

304 2404 447 2438 nerario
478 2404 628 2438 indutus
659 2416 780 2448 neque
817 2416 890 2439 uno
926 2405 1056 2440 comite
1091 2405 1278 2440 simillime
1313 2407 1498 2451 exornato)
1532 2406 1805 2451 recognoscitur
1835 2406 1876 2442 in

306 2456 485 2500 conclavi3
510 2458 633 2501 potius
657 2457 824 2492 Priamus
850 2458 924 2492 iam
950 2459 1030 2502 ipse
1054 2470 1132 2493 rem
1155 2458 1304 2493 molitus
1331 2460 1386 2493 est
1410 2459 1489 2503 (qui
1515 2470 1590 2494 una
1614 2471 1698 2494 cum
1722 2459 1875 2495 Hecuba

305 2509 344 2544 in
370 2521 538 2545 scaenam
562 2511 700 2554 prodiit
723 2511 763 2545 in
788 2511 976 2556 Euripidis
1002 2511 1220 2555 Alexandro,
1247 2512 1290 2546 cf.
1311 2511 1492 2555 Welcker‚
1518 2524 1569 2557 gr.
1592 2512 1699 2558 Trag.
1720 2513 1753 2548 II
1778 2515 1874 2559 478),

306 2562 508 2598 Cassandra
528 2566 628 2599 extra
651 2576 774 2599 muros
795 2565 1011 2599 exclamavit
1029 2565 1193 2609 pericula
1210 2565 1394 2600 instantia.
1416 2586 1459 2591 —
1481 2568 1605 2601 contra
1625 2566 1734 2611 Sittig
1760 2567 1875 2611 (apud

304 2615 496 2660 Pauly-W.
523 2628 550 2651 s.
577 2617 728 2652 Hekabe
757 2621 845 2652 1912
871 2630 908 2662 p.
934 2621 1040 2663 2654)
1074 2619 1193 2653 denuo
1219 2618 1382 2663 Brygum
1414 2621 1537 2654 censet
1566 2619 1704 2665 fingere
1728 2619 1873 2655 Paridis

305 2681 325 2704 e
352 2669 494 2704 stabulo
520 2669 628 2705 Idaeo
654 2671 814 2705 reditum
846 2674 886 2706 ut
910 2672 1047 2706 iudicio
1074 2672 1225 2706 dearum
1257 2672 1478 2716 oppositum,
1510 2684 1577 2707 nec
1602 2673 1748 2707 novisse
1773 2683 1874 2708 reco-

305 2722 508 2766 gnitionem
534 2722 572 2756 in
596 2722 694 2757 ludis
719 2724 927 2767 perfectam.
956 2745 998 2750 —
1027 2725 1118 2768 quid
1147 2736 1232 2760 vero
1260 2725 1290 2759 si
1315 2724 1416 2759 Paris
1450 2725 1677 2770 significatur
1706 2725 1874 2771 proxime

306 2785 349 2809 ex
373 2774 438 2809 Ida
461 2778 584 2810 monte
609 2787 775 2811 reversus
801 2779 837 2811 et
862 2777 986 2812 Aenea
1011 2778 1142 2812 comite
1168 2778 1478 2813 Lacedaemonem
1502 2778 1753 2823 profecturus?
1779 2790 1875 2823 quae

305 2827 511 2863 coniectura
541 2829 718 2872 probatur
750 2830 871 2864 verbis
902 2830 1053 2866 Pindari
1085 2833 1226 2876 (paean.
1252 2831 1336 2865 VIII
1359 2831 1429 2876 frg.
1463 2833 1576 2879 8220:
1616 2829 1874 2878 σπεύδοντ’,

305 2879 454 2926 ἔκλαγξε
480 2883 566 2924 κτλ,
593 2883 638 2916 de
664 2882 798 2926 quibus
825 2884 928 2919 infra.
