2106 3320
927 61 1219 104 —94-

293 185 411 223 huius
437 189 482 223 ut
507 185 560 223 ita
587 184 712 222 dicam
738 183 933 222 libertatis
960 188 999 222 et
1025 184 1322 235 compositionis
1342 181 1609 240 frigidioris.¹)
1650 185 1864 237 Sophocles

293 261 386 288 vero
425 255 611 288 externae
650 249 895 287 auctoritatis
936 247 1115 300 exemplo
1154 253 1193 288 et
1229 248 1429 289 illecebris
1468 249 1516 289 ad
1554 250 1652 290 tales
1689 251 1863 302 argutias

295 314 445 354 delatus
473 320 542 353 est.
570 319 609 353 et
633 314 810 366 profecto
838 326 882 353 ea
909 313 1039 352 fabula
1065 312 1225 353 Graecis
1253 320 1337 354 erat
1361 315 1466 367 quod
1487 315 1632 355 dicitur
1657 314 1862 356 ἄπιστονε

293 379 434 431 probat
453 380 631 431 quaestio
645 379 763 418 Darei
773 375 819 434 2),
838 378 979 430 prohat
1000 378 1149 418 dictum
1164 378 1386 420 Aristotelis
1406 378 1584 434 (Rhetor.
1603 381 1656 420 111
1673 378 1782 435 169):
1808 377 1864 421 ἂν

294 441 333 484 δ’
366 443 551 484 ἄπιστον
576 437 616 499 ᾗ,
642 443 739 484 τότε
766 443 846 496 τὴν
871 442 1017 484 αἰτίαν
1045 441 1278 496 ἐπιλέγειν·
1313 444 1458 499 ὥσπερ
1486 446 1721 499 Σοφοκλῆς
1746 450 1865 487 ποιεῖ

291 508 568 562 παράδειγμα
599 508 649 549 τὸ
682 506 730 549 ἐκ
758 513 834 561 τῆς
858 506 1108 562 Ἀντιγόνης
1127 533 1184 549 -.
1222 511 1355 562 itaque
1382 516 1489 551 recte
1515 524 1595 550 non
1621 511 1798 551 iudicant
1822 512 1864 563 ii,

293 577 360 627 qui
395 575 502 614 illam
537 576 805 615 narrationem
839 575 1044 614 hominum
1081 587 1263 615 sermone
1298 582 1550 628 propagatam
1585 577 1707 616 fuisse
1746 582 1862 629 atque

294 653 340 680 ex
380 641 453 680 hoc
493 642 692 680 communi
736 641 842 680 fonte
886 645 1099 692 utrumque
1134 640 1314 690 hausisse
1350 638 1642 697 arbitrentur.3)
1701 653 1794 682 nam
1829 643 1864 682 si

292 707 367 745 ista
399 708 594 746 sententia
631 708 672 745 in
711 706 978 758 sophistarum
1010 705 1157 745 scholis
1189 705 1285 745 adeo
1317 711 1482 746 tractata
1515 703 1682 761 essetf),
1716 708 1863 747 mirum

293 784 387 811 sane
415 777 531 823 esset,
561 771 676 824 quod,
714 784 803 811 cum
831 772 1057 811 necessario
1083 772 1125 810 in
1154 771 1241 811 aliis
1267 784 1423 824 quoque
1450 777 1534 811 tum
1560 771 1704 812 litteris
1724 771 1862 812 eadem

293 838 477 888 cogitatio
498 838 726 888 exstitisset,
752 837 982 876 Aristoteles
1003 841 1042 876 et
1062 836 1245 876 Clemens
1265 837 1470 876 Alexandr.
1499 842 1538 877 et
1558 837 1678 877 schol.
1699 837 1748 877 ad
1766 836 1864 877 Oed.

292 902 385 954 Reg.
413 899 499 943 968
531 907 683 942 tantum
717 902 969 954 Sophoclem,
1001 902 1236 942 Plutarchus
1267 898 1336 957 (de
1370 915 1490 942 amor.
1525 903 1611 942 frat.
1642 915 1680 955 p.
1710 900 1795 942 481
1811 898 1862 957 Ε)

292 967 438 1007 Hdtum
477 974 745 1020 cognoverunt
782 963 973 1021 testem.⁵)
1025 980 1099 1007 nec
1136 969 1261 1020 magis
1300 968 1501 1020 probanda
1541 974 1602 1008 est
1633 969 1766 1021 opinio
1798 980 1862 1008 eo-

291 1095 408 1129 Lesen
428 1095 490 1129 des
512 1094 707 1139 Sophocles
727 1094 924 1129 mehrmals
945 1094 1028 1130 eine
1042 1094 1111 1128 Art
1122 1105 1194 1129 von
1214 1094 1390 1139 Spielerei
1410 1094 1472 1129 bei
1492 1095 1563 1129 den
1583 1094 1863 1130 ernsthaftesten

292 1148 473 1193 Dialogen
499 1148 733 1193 aufgefallen,
760 1148 819 1182 die
844 1159 931 1182 man
951 1148 1072 1183 einem
1090 1148 1260 1182 Neueren
1277 1148 1381 1183 nicht
1397 1148 1614 1193 nachgehen
1632 1148 1737 1184 liesse.
1775 1147 1865 1183 aber

293 1202 364 1236 den
382 1202 491 1236 Alten
515 1202 656 1237 kleidet
680 1202 734 1237 sie
760 1202 865 1244 doch,
890 1202 1112 1246 wenigstens
1131 1201 1306 1236 verdeckt
1329 1202 1382 1237 sie
1408 1202 1469 1236 die
1488 1201 1698 1246 Stimmung
1715 1201 1862 1237 keines·

291 1266 390 1300 wegs
422 1256 499 1289 und
528 1255 615 1290 hilst
646 1256 740 1290 doch
770 1255 1045 1299 einigermassen
1078 1256 1162 1290 dem
1188 1255 1322 1290 Gemiit
1350 1255 1412 1290 bei
1443 1255 1698 1300 pathetischen
1723 1255 1862 1290 Szenen

292 1310 374 1344 eine
399 1309 554 1354 gewisse
574 1309 731 1344 Aisance
757 1309 834 1343 und
857 1309 1021 1344 Freiheit
1037 1308 1275 1344 mitzuteilen.
1321 1309 1404 1344 eine
1422 1309 1539 1344 Unart
1559 1308 1700 1343 scheint
1719 1309 1771 1343 sie
1789 1308 1862 1343 mir

292 1363 380 1398 aber
405 1363 499 1397 doch
524 1375 568 1396 zu
594 1363 673 1397 sein
698 1364 775 1397 und
793 1363 870 1397 also
889 1363 1008 1398 nichts
1028 1363 1191 1407 weniger
1209 1362 1263 1397 als
1283 1363 1553 1407 Nachahmung
1572 1374 1616 1396 zu
1634 1362 1861 1397 verdienen’.

355 1418 387 1462 1)
414 1416 515 1451 velut
545 1417 709 1460 Thucyd.
735 1416 768 1450 ΙΙ
794 1419 868 1463 44³·
919 1416 1009 1450 item
1039 1415 1255 1450 Praxitheae
1287 1416 1339 1461 (in
1363 1416 1488 1460 Eurip.
1515 1415 1683 1451 Erechth.
1709 1416 1751 1451 fr.
1779 1417 1861 1459 360)

291 1470 422 1504 marito
448 1470 562 1504 filiam
588 1470 821 1505 mactandam
847 1470 1134 1504 commendantis
1154 1469 1276 1512 verba,
1304 1480 1398 1513 quae
1417 1469 1543 1504 Nestle
1563 1469 1701 1514 (Eur-ip.
1722 1480 1758 1513 p.
1780 1470 1862 1512 27⁷)

292 1526 397 1558 vocat
430 1524 563 1558 ‘nichts
595 1524 747 1558 anderes
781 1523 834 1558 als
867 1523 927 1558 ein
959 1523 1301 1567 Rechenexempel’.
1359 1525 1395 1557 et
1426 1523 1569 1567 quoties
1607 1534 1708 1557 more
1739 1522 1862 1566 sophi-

293 1578 430 1612 starum
451 1577 695 1621 disceptatum
721 1578 768 1611 sit
793 1578 838 1612 de
865 1588 908 1612 ea
932 1588 982 1620 re,
1008 1578 1132 1611 utrum
1156 1578 1261 1621 pater
1286 1587 1333 1611 an
1357 1578 1474 1612 mater
1498 1576 1614 1621 pluris
1641 1577 1752 1611 staret
1775 1575 1864 1618 filio,

292 1633 419 1665 notum
439 1633 503 1666 est.
543 1633 652 1674 atque
672 1631 712 1665 id
731 1631 806 1666 iam
826 1631 871 1666 ab
886 1630 1067 1674 Aeschylo
1087 1631 1126 1665 in
1139 1631 1292 1666 Eumen.
1332 1631 1389 1676 (cf.
1405 1629 1705 1674 Christ-Schmidt,
1724 1630 1863 1675 griech.

292 1685 360 1720 Lit.
380 1683 529 1729 1⁵287),
561 1685 607 1719 ab
633 1684 811 1728 Euripide
837 1684 895 1720 Or.
917 1687 984 1720 551
1007 1696 1065 1727 se„
1091 1685 1133 1719 fr.
1156 1687 1264 1719 1064:
1298 1695 1392 1728 quae
1425 1683 1692 1728 argumentatio
1724 1682 1865 1728 tragico

295 1738 372 1772 sine
399 1738 511 1772 dubio
537 1738 638 1772 haud
662 1738 818 1772 ridicula
843 1742 896 1773 est
922 1738 1010 1773 visa.

355 1793 390 1836 2)
417 1792 483 1826 etsi
515 1791 662 1836 longius
693 1791 914 1835 processisse
945 1791 1038 1825 mihi
1070 1791 1215 1825 videtur
1245 1791 1294 1833 is,
1328 1791 1391 1835 qui
1418 1791 1492 1825 11115
1518 1791 1653 1833 verbis,
1686 1801 1780 1834 quae
1811 1790 1863 1825 lo-

294 1846 467 1888 quentem
491 1845 603 1879 faciat
626 1856 762 1889 regem,
790 1845 1003 1889 scriptorem
1030 1846 1153 1879 censet
1177 1844 1300 1888 ipsum
1327 1855 1405 1879 esse
1431 1844 1731 1889 intellegendum.

355 1900 388 1941 3)
414 1900 455 1932 ut
480 1898 574 1932 inter
599 1898 690 1932 alios
711 1897 752 1933 G.
773 1898 970 1940 Hermann,
996 1897 1105 1942 Soph.
1126 1897 1209 1932 Ant.
1232 1898 1286 1932 ed.
1307 1897 1366 1933 111.
1411 1897 1560 1932 Erfurdt
1581 1901 1672 1933 1830
1692 1909 1728 1941 p.
1751 1901 1794 1932 32
1817 1909 1863 1939 s.;

293 1951 323 1986 J.
344 1951 504 1994 Moeller,
530 1951 748 1996 Ehrengabe
775 1952 839 1986 der
862 1951 994 1986 Latina
1022 1954 1112 1985 1906
1132 1963 1167 1995 p.
1190 1954 1233 1986 82
1244 1962 1289 1986 ss.

354 2007 388 2050 4)
415 2007 456 2039 ut
474 2006 621 2040 censent
639 2005 759 2040 Baehr
779 2005 958 2050 (Heidelb.
973 2004 1030 2039 Jb.
1048 2008 1137 2038 1851
1158 2016 1194 2049 p.
1212 2007 1280 2039 950
1294 2015 1339 2040 ss.
1361 2006 1397 2039 et
1422 2004 1461 2038 in
1479 2004 1569 2038 Hdti
1588 2004 1673 2039 edit.
1693 2003 1737 2039 II.
1759 2003 1864 2046 1857)

295 2060 329 2092 et
348 2059 387 2094 E.
410 2058 597 2093 Schwartz
618 2058 777 2100 Qnaestt.
798 2058 909 2093 Ionic.
931 2058 1021 2103 (Ind.
1041 2058 1121 2093 lect.
1148 2058 1247 2092 Rost.
1270 2059 1375 2102 1891)
1401 2069 1435 2101 p.
1459 2061 1519 2091 11:
1542 2057 1600 2082 ‘—
1619 2067 1642 2091 a
1658 2056 1864 2100 sophista

294 2115 398 2147 acute
430 2113 634 2157 excogitata
666 2123 746 2147 esse
771 2112 927 2155 videtur,
959 2114 1000 2146 ut
1033 2123 1145 2155 quam
1169 2112 1246 2146 vim
1277 2111 1438 2146 habeant
1469 2108 1662 2155 συγγένεια
1688 2111 1723 2144 et
1749 2111 1863 2155 κῆδος

294 2167 494 2210 appareat'.
1870 2166 1879 2174 '

354 2221 389 2265 5)
414 2219 637 2254 Lucianus
664 2221 816 2264 quidem
842 2220 1001 2254 similem
1026 2219 1191 2254 fabulam
1215 2219 1362 2263 profert,
1390 2228 1463 2262 qua
1488 2217 1598 2252 amici
1619 2217 1750 2252 caritas
1770 2216 1863 2251 cele-

293 2273 417 2307 bretur
441 2274 494 2318 (in
521 2273 606 2308 dial.
628 2274 755 2308 Toxar.
779 2276 853 2319 61):
879 2273 974 2307 nihil
998 2283 1084 2308 vero
1111 2274 1165 2307 est
1188 2272 1260 2306 nisi
1280 2272 1369 2306 Hdti
1394 2271 1553 2306 narratio
1579 2272 1786 2315 permutata
1805 2270 1861 2313 (cf.

293 2326 416 2360 Reiter
440 2326 500 2360 1.1.
518 2328 610 2371 966).
656 2329 781 2362 contra
815 2327 872 2361 sui
904 2327 994 2361 iuris
1026 2337 1105 2361 esse
1135 2326 1281 2360 videtur
1313 2325 1494 2367 Seneca,
1528 2336 1610 2358 cum
1642 2324 1772 2359 effatur
1803 2324 1865 2369 (de

293 2380 428 2414 remed.
449 2380 583 2414 fortuit.
609 2382 701 2426 169):
736 2381 859 2415 ‘amisi
891 2391 1041 2415 uxorem
1074 2380 1219 2414 bonam.
1243 2400 1285 2404 —-
1307 2390 1408 2414 soror
1432 2378 1640 2422 recuperari
1667 2378 1764 2412 bona
1787 2387 1863 2412 non

294 2435 414 2477 potest
450 2443 517 2467 nec
549 2434 681 2467 mater:
721 2445 812 2468 uxor
845 2433 1094 2468 adventicium
1123 2433 1264 2467 bonum
1295 2433 1375 2466 est'.
1426 2432 1750 2476 praetermittimus
1783 2441 1861 2465 sen-

295 2486 447 2520 tentiam
471 2485 581 2520 latius
606 2488 860 2531 propagatam,
887 2498 961 2530 qua
986 2487 1213 2531 significatur
1233 2485 1420 2520 vinculum
1440 2485 1630 2530 sanguinis
1651 2485 1763 2519 artius
1785 2494 1864 2518 esse

295 2550 406 2583 quam
424 2539 660 2574 matrimonii.
706 2541 808 2574 iuvat
825 2541 977 2574 fortasse
997 2540 1125 2575 afferre
1145 2539 1360 2574 contrariam
1382 2538 1526 2581 Catulli,
1552 2539 1575 2573 i.
1598 2550 1626 2573 e.
1648 2537 1863 2573 Alexandri-

294 2603 435 2634 norum,
468 2594 685 2628 sententiam
711 2605 739 2628 c.
763 2597 931 2638 64149-51,
966 2593 1031 2627 ubi
1063 2593 1227 2628 Ariadna
1259 2604 1280 2627 a
1311 2593 1451 2627 Theseo
1485 2593 1628 2627 deserta
1658 2593 1724 2627 has
1756 2601 1863 2626 voces

296 2646 428 2680 emittit
452 2646 491 2679 in
516 2648 716 2681 amatorem
741 2648 939 2691 perfidum:

558 2700 667 2734 ‘certe
693 2711 760 2744 ego
786 2702 822 2735 te
847 2701 886 2734 in
911 2700 1034 2735 medio
1060 2701 1265 2734 versantem
1292 2699 1439 2734 turbine
1464 2699 1528 2734 leti

556 2753 687 2797 eripui,
714 2755 756 2788 et
779 2754 931 2797 potius
957 2764 1215 2798 germanum
1240 2753 1448 2787 amittere
1475 2753 1582 2795 crevi,

556 2818 685 2850 quam
710 2807 795 2841 tibi
822 2806 943 2841 fallaci
971 2817 1140 2851 supremo
1166 2806 1206 2840 in
1230 2807 1393 2850 tempore
1420 2806 1591 2841 dessem'.
