<?xml version="1.0" encoding="UTF-8"?>
<!DOCTYPE html PUBLIC "-//W3C//DTD XHTML 1.0 Transitional//EN"
    "http://www.w3.org/TR/xhtml1/DTD/xhtml1-transitional.dtd">
<html xmlns="http://www.w3.org/1999/xhtml" xml:lang="en" lang="en">
 <head>
  <title>
</title>
<meta http-equiv="Content-Type" content="text/html;charset=utf-8" />
  <meta name='ocr-system' content='tesseract 3.04.00' />
  <meta name='ocr-capabilities' content='ocr_page ocr_carea ocr_par ocr_line ocrx_word'/>
</head>
<body>
  <div class='ocr_page' id='page_1' title='image "./sophoclesquiddeb00rascuoft_0042.png"; bbox 0 0 2106 3320; ppageno 0'>
   <div class='ocr_carea' id='block_1_1' title="bbox 989 149 1273 191">
    <p class='ocr_par' dir='ltr' id='par_1_1' title="bbox 989 149 1273 191">
     <span class='ocr_line' id='line_1_1' title="bbox 989 149 1273 191; baseline 0 -12"><span class='ocrx_word' id='word_1_1' title='bbox 989 149 1273 191; x_wconf 63' lang='lat'>„32-</span> 
     </span>
    </p>
   </div>
   <div class='ocr_carea' id='block_1_2' title="bbox 340 266 1912 714">
    <p class='ocr_par' dir='ltr' id='par_1_2' title="bbox 340 266 1912 714">
     <span class='ocr_line' id='line_1_2' title="bbox 340 266 1911 325; baseline -0.001 -14"><span class='ocrx_word' id='word_1_2' title='bbox 340 284 384 311; x_wconf 83' lang='lat' dir='ltr'>se</span> <span class='ocrx_word' id='word_1_3' title='bbox 411 271 635 311; x_wconf 86' lang='lat' dir='ltr'>levissimus</span> <span class='ocrx_word' id='word_1_4' title='bbox 668 276 735 310; x_wconf 90' lang='lat' dir='ltr'>aut</span> <span class='ocrx_word' id='word_1_5' title='bbox 760 271 892 322; x_wconf 89' lang='lat' dir='ltr'>potius</span> <span class='ocrx_word' id='word_1_6' title='bbox 919 269 1050 309; x_wconf 89' lang='lat' dir='ltr'>nullus</span> <span class='ocrx_word' id='word_1_7' title='bbox 1077 271 1297 309; x_wconf 85' lang='lat' dir='ltr'><strong>carminum</strong></span> <span class='ocrx_word' id='word_1_8' title='bbox 1324 270 1528 322; x_wconf 81' lang='lat' dir='ltr'><strong>epicorum</strong></span> <span class='ocrx_word' id='word_1_9' title='bbox 1554 272 1667 310; x_wconf 80' lang='lat' dir='ltr'>testis</span> <span class='ocrx_word' id='word_1_10' title='bbox 1693 266 1814 325; x_wconf 88' lang='lat' dir='ltr'>est¹);</span> <span class='ocrx_word' id='word_1_11' title='bbox 1847 281 1911 310; x_wconf 85' lang='lat' dir='ltr'>ac·</span> 
     </span>
     <span class='ocr_line' id='line_1_3' title="bbox 341 334 1910 388; baseline 0 -13"><span class='ocrx_word' id='word_1_12' title='bbox 341 336 449 376; x_wconf 80' lang='lat' dir='ltr'>cedit</span> <span class='ocrx_word' id='word_1_13' title='bbox 475 335 579 388; x_wconf 92' lang='lat' dir='ltr'>quod</span> <span class='ocrx_word' id='word_1_14' title='bbox 606 348 696 375; x_wconf 92' lang='lat' dir='ltr'>cum</span> <span class='ocrx_word' id='word_1_15' title='bbox 722 336 795 375; x_wconf 88' lang='lat' dir='ltr'>hac</span> <span class='ocrx_word' id='word_1_16' title='bbox 820 334 1087 374; x_wconf 78' lang='lat' dir='ltr'>Bibliothecae</span> <span class='ocrx_word' id='word_1_17' title='bbox 1114 335 1304 375; x_wconf 82' lang='lat' dir='ltr'>relatione</span> <span class='ocrx_word' id='word_1_18' title='bbox 1324 337 1552 375; x_wconf 85' lang='lat' dir='ltr'>summatim</span> <span class='ocrx_word' id='word_1_19' title='bbox 1572 337 1755 388; x_wconf 89' lang='lat' dir='ltr'>congruit</span> <span class='ocrx_word' id='word_1_20' title='bbox 1773 334 1910 376; x_wconf 88' lang='lat' dir='ltr'>scho-</span> 
     </span>
     <span class='ocr_line' id='line_1_4' title="bbox 342 397 1911 454; baseline 0 -14"><span class='ocrx_word' id='word_1_21' title='bbox 342 401 442 440; x_wconf 91' lang='lat' dir='ltr'>lion</span> <span class='ocrx_word' id='word_1_22' title='bbox 468 401 516 440; x_wconf 89' lang='lat' dir='ltr'>ad</span> <span class='ocrx_word' id='word_1_23' title='bbox 541 401 652 440; x_wconf 92' lang='lat' dir='ltr'>Hom.</span> <span class='ocrx_word' id='word_1_24' title='bbox 672 401 714 440; x_wconf 91' lang='lat' dir='ltr'>Il.</span> <span class='ocrx_word' id='word_1_25' title='bbox 738 401 780 440; x_wconf 94' lang='grc' dir='ltr'><strong><em>Γ</em></strong></span> <span class='ocrx_word' id='word_1_26' title='bbox 793 398 880 441; x_wconf 80' lang='grc'>325</span> <span class='ocrx_word' id='word_1_27' title='bbox 914 397 1002 454; x_wconf 88' lang='lat' dir='ltr'>(ubi</span> <span class='ocrx_word' id='word_1_28' title='bbox 1023 400 1085 440; x_wconf 85' lang='lat' dir='ltr'>vel</span> <span class='ocrx_word' id='word_1_29' title='bbox 1112 400 1299 440; x_wconf 81' lang='lat' dir='ltr'>disertius</span> <span class='ocrx_word' id='word_1_30' title='bbox 1326 402 1583 453; x_wconf 84' lang='lat' dir='ltr'>expositionis</span> <span class='ocrx_word' id='word_1_31' title='bbox 1605 400 1731 440; x_wconf 86' lang='lat' dir='ltr'>fabula</span> <span class='ocrx_word' id='word_1_32' title='bbox 1751 399 1911 440; x_wconf 89' lang='lat' dir='ltr'>exhibe-</span> 
     </span>
     <span class='ocr_line' id='line_1_5' title="bbox 342 463 1910 521; baseline -0.001 -15"><span class='ocrx_word' id='word_1_33' title='bbox 342 463 445 521; x_wconf 83' lang='lat' dir='ltr'>tur);</span> <span class='ocrx_word' id='word_1_34' title='bbox 473 466 577 519; x_wconf 94' lang='lat' dir='ltr'>quod</span> <span class='ocrx_word' id='word_1_35' title='bbox 604 471 712 506; x_wconf 90' lang='lat' dir='ltr'>certe</span> <span class='ocrx_word' id='word_1_36' title='bbox 731 479 810 506; x_wconf 92' lang='lat' dir='ltr'>non</span> <span class='ocrx_word' id='word_1_37' title='bbox 836 465 1097 518; x_wconf 87' lang='lat' dir='ltr'>repetendum</span> <span class='ocrx_word' id='word_1_38' title='bbox 1124 471 1183 506; x_wconf 84' lang='lat' dir='ltr'>est</span> <span class='ocrx_word' id='word_1_39' title='bbox 1203 479 1224 506; x_wconf 94' lang='lat' dir='ltr'>e</span> <span class='ocrx_word' id='word_1_40' title='bbox 1251 466 1395 518; x_wconf 83' lang='lat' dir='ltr'>Cycliis</span> <span class='ocrx_word' id='word_1_41' title='bbox 1421 471 1460 506; x_wconf 89' lang='lat' dir='ltr'>et</span> <span class='ocrx_word' id='word_1_42' title='bbox 1479 468 1592 505; x_wconf 90' lang='lat' dir='ltr'>cuius</span> <span class='ocrx_word' id='word_1_43' title='bbox 1619 465 1910 519; x_wconf 81' lang='lat' dir='ltr'>subscriptione</span> 
     </span>
     <span class='ocr_line' id='line_1_6' title="bbox 343 529 1912 587; baseline -0.001 -16"><span class='ocrx_word' id='word_1_44' title='bbox 343 544 482 571; x_wconf 85' lang='lat' dir='ltr'>revera</span> <span class='ocrx_word' id='word_1_45' title='bbox 514 533 599 571; x_wconf 85' lang='lat' dir='ltr'>sons</span> <span class='ocrx_word' id='word_1_46' title='bbox 632 531 832 572; x_wconf 89' lang='lat' dir='ltr'>indicatur</span> <span class='ocrx_word' id='word_1_47' title='bbox 864 529 887 571; x_wconf 90' lang='grc' dir='ltr'>ὁ</span> <span class='ocrx_word' id='word_1_48' title='bbox 914 529 1086 584; x_wconf 78' lang='grc' dir='ltr'><em>γράψας</em></span> <span class='ocrx_word' id='word_1_49' title='bbox 1111 530 1164 571; x_wconf 83' lang='grc' dir='ltr'>τὰ</span> <span class='ocrx_word' id='word_1_50' title='bbox 1187 530 1618 587; x_wconf 76' lang='grc' dir='ltr'><em>,,Τραγῳδούμενα“τ</em></span> <span class='ocrx_word' id='word_1_51' title='bbox 1645 532 1836 583; x_wconf 88' lang='lat' dir='ltr'>sequitur,</span> <span class='ocrx_word' id='word_1_52' title='bbox 1867 535 1912 571; x_wconf 83' lang='lat' dir='ltr'>ut</span> 
     </span>
     <span class='ocr_line' id='line_1_7' title="bbox 342 595 1912 649; baseline -0.001 -13"><span class='ocrx_word' id='word_1_53' title='bbox 342 609 472 649; x_wconf 90' lang='lat' dir='ltr'>neque</span> <span class='ocrx_word' id='word_1_54' title='bbox 499 597 710 637; x_wconf 83' lang='lat' dir='ltr'>scholiasta</span> <span class='ocrx_word' id='word_1_55' title='bbox 742 609 871 649; x_wconf 90' lang='lat' dir='ltr'>neque</span> <span class='ocrx_word' id='word_1_56' title='bbox 897 595 1157 649; x_wconf 85' lang='lat' dir='ltr'>Apollodorus</span> <span class='ocrx_word' id='word_1_57' title='bbox 1183 609 1254 636; x_wconf 92' lang='lat' dir='ltr'>nos</span> <span class='ocrx_word' id='word_1_58' title='bbox 1287 597 1444 637; x_wconf 83' lang='lat' dir='ltr'>adiuvet</span> <span class='ocrx_word' id='word_1_59' title='bbox 1469 598 1510 637; x_wconf 93' lang='lat' dir='ltr'>in</span> <span class='ocrx_word' id='word_1_60' title='bbox 1543 598 1654 649; x_wconf 90' lang='lat' dir='ltr'>epica</span> <span class='ocrx_word' id='word_1_61' title='bbox 1685 595 1815 636; x_wconf 83' lang='lat' dir='ltr'>sabula</span> <span class='ocrx_word' id='word_1_62' title='bbox 1847 607 1912 635; x_wconf 87' lang='lat' dir='ltr'>ex-</span> 
     </span>
     <span class='ocr_line' id='line_1_8' title="bbox 342 662 1499 714; baseline 0.001 -13"><span class='ocrx_word' id='word_1_63' title='bbox 342 662 549 714; x_wconf 88' lang='lat' dir='ltr'>quirenda.</span> <span class='ocrx_word' id='word_1_64' title='bbox 1496 678 1499 680; x_wconf 95' lang='lat'>·</span> 
     </span>
    </p>
   </div>
   <div class='ocr_carea' id='block_1_3' title="bbox 343 731 1917 1178">
    <p class='ocr_par' dir='ltr' id='par_1_3' title="bbox 343 731 1917 1178">
     <span class='ocr_line' id='line_1_9' title="bbox 404 731 1913 786; baseline -0.001 -13"><span class='ocrx_word' id='word_1_65' title='bbox 404 733 512 773; x_wconf 91' lang='lat' dir='ltr'>Idem</span> <span class='ocrx_word' id='word_1_66' title='bbox 539 735 622 773; x_wconf 87' lang='lat' dir='ltr'>fere</span> <span class='ocrx_word' id='word_1_67' title='bbox 649 734 754 786; x_wconf 91' lang='lat' dir='ltr'>quod</span> <span class='ocrx_word' id='word_1_68' title='bbox 781 734 828 774; x_wconf 89' lang='lat' dir='ltr'>ab</span> <span class='ocrx_word' id='word_1_69' title='bbox 854 733 1101 786; x_wconf 85' lang='lat' dir='ltr'>Apollodoro,</span> <span class='ocrx_word' id='word_1_70' title='bbox 1130 733 1176 773; x_wconf 90' lang='lat' dir='ltr'>de</span> <span class='ocrx_word' id='word_1_71' title='bbox 1195 732 1348 773; x_wconf 90' lang='lat' dir='ltr'>Paridis</span> <span class='ocrx_word' id='word_1_72' title='bbox 1375 733 1642 773; x_wconf 86' lang='lat' dir='ltr'>adulescentia</span> <span class='ocrx_word' id='word_1_73' title='bbox 1662 731 1777 772; x_wconf 89' lang='lat' dir='ltr'>nobis</span> <span class='ocrx_word' id='word_1_74' title='bbox 1796 731 1913 772; x_wconf 81' lang='lat' dir='ltr'>offer-</span> 
     </span>
     <span class='ocr_line' id='line_1_10' title="bbox 345 795 1915 854; baseline -0.001 -16"><span class='ocrx_word' id='word_1_75' title='bbox 345 804 411 838; x_wconf 87' lang='lat' dir='ltr'>tur</span> <span class='ocrx_word' id='word_1_76' title='bbox 437 799 483 839; x_wconf 89' lang='lat' dir='ltr'>ab</span> <span class='ocrx_word' id='word_1_77' title='bbox 510 799 691 852; x_wconf 84' lang='lat' dir='ltr'>Hygino</span> <span class='ocrx_word' id='word_1_78' title='bbox 719 795 814 853; x_wconf 83' lang='lat' dir='ltr'>(sab.</span> <span class='ocrx_word' id='word_1_79' title='bbox 842 796 931 854; x_wconf 87' lang='lat'>91),</span> <span class='ocrx_word' id='word_1_80' title='bbox 959 800 1137 851; x_wconf 90' lang='lat' dir='ltr'>quamvis</span> <span class='ocrx_word' id='word_1_81' title='bbox 1164 799 1342 839; x_wconf 90' lang='lat' dir='ltr'>diversae</span> <span class='ocrx_word' id='word_1_82' title='bbox 1369 801 1448 839; x_wconf 91' lang='lat' dir='ltr'>sint</span> <span class='ocrx_word' id='word_1_83' title='bbox 1474 798 1652 850; x_wconf 85' lang='lat' dir='ltr'>singulae</span> <span class='ocrx_word' id='word_1_84' title='bbox 1684 810 1760 838; x_wconf 90' lang='lat' dir='ltr'>res.</span> <span class='ocrx_word' id='word_1_85' title='bbox 1805 799 1915 851; x_wconf 85' lang='lat' dir='ltr'>atqui</span> 
     </span>
     <span class='ocr_line' id='line_1_11' title="bbox 344 862 1915 917; baseline -0.001 -13"><span class='ocrx_word' id='word_1_86' title='bbox 344 864 559 917; x_wconf 83' lang='lat' dir='ltr'>Hyginum,</span> <span class='ocrx_word' id='word_1_87' title='bbox 598 866 666 917; x_wconf 94' lang='lat' dir='ltr'>qui</span> <span class='ocrx_word' id='word_1_88' title='bbox 703 865 864 916; x_wconf 87' lang='lat' dir='ltr'>dicitur,</span> <span class='ocrx_word' id='word_1_89' title='bbox 904 864 1125 905; x_wconf 84' lang='lat' dir='ltr'>fabularum</span> <span class='ocrx_word' id='word_1_90' title='bbox 1159 870 1390 916; x_wconf 90' lang='lat' dir='ltr'>argumenta</span> <span class='ocrx_word' id='word_1_91' title='bbox 1430 865 1610 904; x_wconf 87' lang='lat' dir='ltr'>hausisse</span> <span class='ocrx_word' id='word_1_92' title='bbox 1645 876 1666 903; x_wconf 93' lang='lat' dir='ltr'>e</span> <span class='ocrx_word' id='word_1_93' title='bbox 1698 862 1915 915; x_wconf 88' lang='lat' dir='ltr'>tragoediis</span> 
     </span>
     <span class='ocr_line' id='line_1_12' title="bbox 343 927 1917 984; baseline 0 -16"><span class='ocrx_word' id='word_1_94' title='bbox 343 932 499 981; x_wconf 87' lang='lat' dir='ltr'>graecis</span> <span class='ocrx_word' id='word_1_95' title='bbox 532 932 628 970; x_wconf 86' lang='lat' dir='ltr'>satis</span> <span class='ocrx_word' id='word_1_96' title='bbox 660 935 813 970; x_wconf 85' lang='lat' dir='ltr'>constat</span> <span class='ocrx_word' id='word_1_97' title='bbox 845 932 951 970; x_wconf 90' lang='lat' dir='ltr'>inter</span> <span class='ocrx_word' id='word_1_98' title='bbox 981 931 1088 969; x_wconf 91' lang='lat' dir='ltr'>viros</span> <span class='ocrx_word' id='word_1_99' title='bbox 1122 929 1274 984; x_wconf 81' lang='lat' dir='ltr'>doctos3</span> <span class='ocrx_word' id='word_1_100' title='bbox 1309 932 1364 970; x_wconf 86' lang='lat' dir='ltr'>ita</span> <span class='ocrx_word' id='word_1_101' title='bbox 1389 930 1508 969; x_wconf 90' lang='lat' dir='ltr'>huius</span> <span class='ocrx_word' id='word_1_102' title='bbox 1534 929 1687 969; x_wconf 82' lang='lat' dir='ltr'>fabulae</span> <span class='ocrx_word' id='word_1_103' title='bbox 1714 927 1917 981; x_wconf 88' lang='lat' dir='ltr'>exemplar</span> 
     </span>
     <span class='ocr_line' id='line_1_13' title="bbox 345 992 1915 1048; baseline -0.001 -14"><span class='ocrx_word' id='word_1_104' title='bbox 345 996 592 1035; x_wconf 87' lang='lat' dir='ltr'>coniectatur</span> <span class='ocrx_word' id='word_1_105' title='bbox 617 996 860 1048; x_wconf 82' lang='lat' dir='ltr'>tragoediam</span> <span class='ocrx_word' id='word_1_106' title='bbox 879 995 1082 1047; x_wconf 85' lang='lat' dir='ltr'>Euripidis</span> <span class='ocrx_word' id='word_1_107' title='bbox 1115 1008 1220 1048; x_wconf 81' lang='lat' dir='ltr'>esse3</span> <span class='ocrx_word' id='word_1_108' title='bbox 1247 1008 1324 1048; x_wconf 87' lang='lat' dir='ltr'>qua</span> <span class='ocrx_word' id='word_1_109' title='bbox 1350 1008 1393 1035; x_wconf 91' lang='lat' dir='ltr'>re</span> <span class='ocrx_word' id='word_1_110' title='bbox 1432 995 1480 1034; x_wconf 90' lang='lat' dir='ltr'>ad</span> <span class='ocrx_word' id='word_1_111' title='bbox 1517 995 1727 1047; x_wconf 86' lang='lat' dir='ltr'>pristinam</span> <span class='ocrx_word' id='word_1_112' title='bbox 1762 992 1915 1033; x_wconf 85' lang='lat' dir='ltr'>fabulae</span> 
     </span>
     <span class='ocr_line' id='line_1_14' title="bbox 345 1060 1917 1112; baseline -0.001 -13"><span class='ocrx_word' id='word_1_113' title='bbox 345 1060 513 1100; x_wconf 86' lang='lat' dir='ltr'>formam</span> <span class='ocrx_word' id='word_1_114' title='bbox 547 1061 809 1112; x_wconf 85' lang='lat' dir='ltr'>indagandam</span> <span class='ocrx_word' id='word_1_115' title='bbox 847 1073 896 1100; x_wconf 89' lang='lat' dir='ltr'>ne</span> <span class='ocrx_word' id='word_1_116' title='bbox 935 1062 970 1100; x_wconf 92' lang='lat' dir='ltr'>is</span> <span class='ocrx_word' id='word_1_117' title='bbox 1020 1061 1181 1112; x_wconf 90' lang='lat' dir='ltr'>quidem</span> <span class='ocrx_word' id='word_1_118' title='bbox 1227 1061 1474 1112; x_wconf 85' lang='lat' dir='ltr'>mythologus</span> <span class='ocrx_word' id='word_1_119' title='bbox 1524 1061 1736 1112; x_wconf 88' lang='lat' dir='ltr'>quicquam</span> <span class='ocrx_word' id='word_1_120' title='bbox 1785 1063 1917 1111; x_wconf 78' lang='lat' dir='ltr'>potest.</span> 
     </span>
     <span class='ocr_line' id='line_1_15' title="bbox 344 1131 559 1178; baseline 0.014 -15"><span class='ocrx_word' id='word_1_121' title='bbox 344 1131 559 1178; x_wconf 86' lang='lat' dir='ltr'>praestare.</span> 
     </span>
    </p>
   </div>
   <div class='ocr_carea' id='block_1_4' title="bbox 346 1195 1930 2359">
    <p class='ocr_par' dir='ltr' id='par_1_4' title="bbox 346 1195 1930 2359">
     <span class='ocr_line' id='line_1_16' title="bbox 407 1195 1917 1249; baseline -0.001 -12"><span class='ocrx_word' id='word_1_122' title='bbox 407 1196 510 1243; x_wconf 86' lang='lat' dir='ltr'>Quid</span> <span class='ocrx_word' id='word_1_123' title='bbox 544 1210 637 1237; x_wconf 92' lang='lat' dir='ltr'>vero</span> <span class='ocrx_word' id='word_1_124' title='bbox 675 1197 886 1236; x_wconf 90' lang='lat' dir='ltr'>dicendum</span> <span class='ocrx_word' id='word_1_125' title='bbox 922 1202 983 1237; x_wconf 88' lang='lat' dir='ltr'>est</span> <span class='ocrx_word' id='word_1_126' title='bbox 1018 1197 1065 1236; x_wconf 92' lang='lat' dir='ltr'>de</span> <span class='ocrx_word' id='word_1_127' title='bbox 1100 1198 1198 1249; x_wconf 90' lang='lat' dir='ltr'>ipsis</span> <span class='ocrx_word' id='word_1_128' title='bbox 1235 1196 1531 1237; x_wconf 86' lang='lat' dir='ltr'>carminibus</span> <span class='ocrx_word' id='word_1_129' title='bbox 1568 1195 1750 1249; x_wconf 81' lang='lat' dir='ltr'>epicis?</span> <span class='ocrx_word' id='word_1_130' title='bbox 1792 1207 1917 1248; x_wconf 88' lang='lat' dir='ltr'>pauca</span> 
     </span>
     <span class='ocr_line' id='line_1_17' title="bbox 347 1262 1930 1315; baseline 0 -14"><span class='ocrx_word' id='word_1_131' title='bbox 347 1267 500 1302; x_wconf 86' lang='lat' dir='ltr'>tantum</span> <span class='ocrx_word' id='word_1_132' title='bbox 533 1263 726 1314; x_wconf 84' lang='lat' dir='ltr'>fragmina</span> <span class='ocrx_word' id='word_1_133' title='bbox 758 1267 924 1302; x_wconf 83' lang='lat' dir='ltr'>aetatem</span> <span class='ocrx_word' id='word_1_134' title='bbox 950 1263 1140 1302; x_wconf 80' lang='lat' dir='ltr'>tulerunt.</span> <span class='ocrx_word' id='word_1_135' title='bbox 1186 1262 1256 1302; x_wconf 91' lang='lat' dir='ltr'>sed</span> <span class='ocrx_word' id='word_1_136' title='bbox 1281 1268 1439 1315; x_wconf 84' lang='lat' dir='ltr'>praesto</span> <span class='ocrx_word' id='word_1_137' title='bbox 1465 1262 1580 1302; x_wconf 90' lang='lat' dir='ltr'>nobis</span> <span class='ocrx_word' id='word_1_138' title='bbox 1606 1267 1666 1302; x_wconf 86' lang='lat' dir='ltr'>est</span> <span class='ocrx_word' id='word_1_139' title='bbox 1693 1263 1930 1314; x_wconf 86' lang='lat' dir='ltr'>epitoma,-</span> 
     </span>
     <span class='ocr_line' id='line_1_18' title="bbox 346 1326 1916 1380; baseline 0 -13"><span class='ocrx_word' id='word_1_140' title='bbox 346 1340 464 1379; x_wconf 87' lang='lat' dir='ltr'>quam</span> <span class='ocrx_word' id='word_1_141' title='bbox 497 1328 695 1367; x_wconf 90' lang='lat' dir='ltr'>Proclus</span> <span class='ocrx_word' id='word_1_142' title='bbox 729 1329 929 1380; x_wconf 85' lang='lat' dir='ltr'>excerpsit</span> <span class='ocrx_word' id='word_1_143' title='bbox 961 1340 981 1367; x_wconf 90' lang='lat' dir='ltr'>e</span> <span class='ocrx_word' id='word_1_144' title='bbox 1015 1327 1223 1380; x_wconf 80' lang='lat' dir='ltr'>Cypriis:</span> <span class='ocrx_word' id='word_1_145' title='bbox 1263 1329 1372 1380; x_wconf 89' lang='lat' dir='ltr'>atqui</span> <span class='ocrx_word' id='word_1_146' title='bbox 1406 1328 1453 1367; x_wconf 91' lang='lat' dir='ltr'>de</span> <span class='ocrx_word' id='word_1_147' title='bbox 1487 1329 1663 1380; x_wconf 87' lang='lat' dir='ltr'>exposito</span> <span class='ocrx_word' id='word_1_148' title='bbox 1694 1326 1835 1367; x_wconf 89' lang='lat' dir='ltr'>Paride</span> <span class='ocrx_word' id='word_1_149' title='bbox 1867 1338 1916 1366; x_wconf 87' lang='lat' dir='ltr'>ne</span> 
     </span>
     <span class='ocr_line' id='line_1_19' title="bbox 347 1392 1918 1445; baseline -0.001 -13"><span class='ocrx_word' id='word_1_150' title='bbox 347 1394 556 1433; x_wconf 89' lang='lat' dir='ltr'>minimum</span> <span class='ocrx_word' id='word_1_151' title='bbox 589 1393 750 1445; x_wconf 92' lang='lat' dir='ltr'>quidem</span> <span class='ocrx_word' id='word_1_152' title='bbox 784 1394 908 1433; x_wconf 87' lang='lat' dir='ltr'>affert.</span> <span class='ocrx_word' id='word_1_153' title='bbox 953 1392 1022 1432; x_wconf 93' lang='lat' dir='ltr'>ubi</span> <span class='ocrx_word' id='word_1_154' title='bbox 1049 1395 1155 1432; x_wconf 91' lang='lat' dir='ltr'>enim</span> <span class='ocrx_word' id='word_1_155' title='bbox 1181 1394 1334 1433; x_wconf 85' lang='lat' dir='ltr'>rettulit</span> <span class='ocrx_word' id='word_1_156' title='bbox 1360 1393 1524 1433; x_wconf 91' lang='lat' dir='ltr'>dearum</span> <span class='ocrx_word' id='word_1_157' title='bbox 1549 1392 1752 1445; x_wconf 90' lang='lat' dir='ltr'>iudicium,</span> <span class='ocrx_word' id='word_1_158' title='bbox 1784 1392 1918 1437; x_wconf 84' lang='lat' dir='ltr'>statim</span> 
     </span>
     <span class='ocr_line' id='line_1_20' title="bbox 347 1457 1919 1511; baseline -0.001 -14"><span class='ocrx_word' id='word_1_159' title='bbox 347 1458 544 1510; x_wconf 88' lang='lat' dir='ltr'>quomodo</span> <span class='ocrx_word' id='word_1_160' title='bbox 570 1459 682 1499; x_wconf 85' lang='lat' dir='ltr'>Paris</span> <span class='ocrx_word' id='word_1_161' title='bbox 708 1460 887 1511; x_wconf 80' lang='lat' dir='ltr'>rapuerit</span> <span class='ocrx_word' id='word_1_162' title='bbox 912 1458 1114 1510; x_wconf 84' lang='lat' dir='ltr'>Helenam,</span> <span class='ocrx_word' id='word_1_163' title='bbox 1141 1460 1295 1498; x_wconf 85' lang='lat' dir='ltr'>asserit.</span> <span class='ocrx_word' id='word_1_164' title='bbox 1335 1459 1432 1498; x_wconf 89' lang='lat' dir='ltr'>ordo</span> <span class='ocrx_word' id='word_1_165' title='bbox 1452 1465 1582 1498; x_wconf 84' lang='lat' dir='ltr'>autem</span> <span class='ocrx_word' id='word_1_166' title='bbox 1603 1471 1624 1498; x_wconf 90' lang='lat' dir='ltr'>a</span> <span class='ocrx_word' id='word_1_167' title='bbox 1643 1464 1783 1498; x_wconf 83' lang='lat' dir='ltr'>natura</span> <span class='ocrx_word' id='word_1_168' title='bbox 1804 1457 1919 1497; x_wconf 86' lang='lat' dir='ltr'>datus</span> 
     </span>
     <span class='ocr_line' id='line_1_21' title="bbox 348 1523 1918 1576; baseline -0.001 -14"><span class='ocrx_word' id='word_1_169' title='bbox 348 1529 456 1563; x_wconf 86' lang='lat' dir='ltr'>esset</span> <span class='ocrx_word' id='word_1_170' title='bbox 486 1524 568 1564; x_wconf 86' lang='lat' dir='ltr'>hic:</span> <span class='ocrx_word' id='word_1_171' title='bbox 606 1524 718 1563; x_wconf 85' lang='lat' dir='ltr'>Paris</span> <span class='ocrx_word' id='word_1_172' title='bbox 750 1537 840 1564; x_wconf 91' lang='lat' dir='ltr'>cum</span> <span class='ocrx_word' id='word_1_173' title='bbox 871 1529 1006 1576; x_wconf 88' lang='lat' dir='ltr'>pastor</span> <span class='ocrx_word' id='word_1_174' title='bbox 1030 1523 1119 1563; x_wconf 89' lang='lat' dir='ltr'>vilis</span> <span class='ocrx_word' id='word_1_175' title='bbox 1155 1524 1432 1576; x_wconf 86' lang='lat' dir='ltr'>ignobilisque,</span> <span class='ocrx_word' id='word_1_176' title='bbox 1465 1525 1533 1576; x_wconf 93' lang='lat' dir='ltr'>qui</span> <span class='ocrx_word' id='word_1_177' title='bbox 1559 1523 1746 1574; x_wconf 87' lang='lat' dir='ltr'>creditur,</span> <span class='ocrx_word' id='word_1_178' title='bbox 1778 1533 1918 1574; x_wconf 87' lang='lat' dir='ltr'>greges</span> 
     </span>
     <span class='ocr_line' id='line_1_22' title="bbox 348 1587 1918 1642; baseline -0.001 -14"><span class='ocrx_word' id='word_1_179' title='bbox 348 1590 532 1642; x_wconf 88' lang='lat' dir='ltr'>pavisset,</span> <span class='ocrx_word' id='word_1_180' title='bbox 577 1590 814 1641; x_wconf 88' lang='lat' dir='ltr'>simulatque</span> <span class='ocrx_word' id='word_1_181' title='bbox 848 1602 868 1629; x_wconf 89' lang='lat' dir='ltr'>a</span> <span class='ocrx_word' id='word_1_182' title='bbox 904 1589 976 1629; x_wconf 89' lang='lat' dir='ltr'>dea</span> <span class='ocrx_word' id='word_1_183' title='bbox 1001 1590 1164 1629; x_wconf 88' lang='lat' dir='ltr'>victrice</span> <span class='ocrx_word' id='word_1_184' title='bbox 1189 1602 1345 1629; x_wconf 89' lang='lat' dir='ltr'>merces</span> <span class='ocrx_word' id='word_1_185' title='bbox 1371 1595 1432 1629; x_wconf 89' lang='lat' dir='ltr'>est</span> <span class='ocrx_word' id='word_1_186' title='bbox 1456 1590 1663 1642; x_wconf 86' lang='lat' dir='ltr'>promissa,</span> <span class='ocrx_word' id='word_1_187' title='bbox 1694 1587 1793 1627; x_wconf 91' lang='lat' dir='ltr'>nihil</span> <span class='ocrx_word' id='word_1_188' title='bbox 1819 1588 1918 1627; x_wconf 88' lang='lat' dir='ltr'>anti-</span> 
     </span>
     <span class='ocr_line' id='line_1_23' title="bbox 349 1651 1919 1709; baseline -0.001 -16"><span class='ocrx_word' id='word_1_189' title='bbox 349 1655 468 1706; x_wconf 90' lang='lat' dir='ltr'>quius</span> <span class='ocrx_word' id='word_1_190' title='bbox 493 1654 663 1694; x_wconf 87' lang='lat' dir='ltr'>habebat</span> <span class='ocrx_word' id='word_1_191' title='bbox 696 1656 777 1694; x_wconf 91' lang='lat' dir='ltr'>sive</span> <span class='ocrx_word' id='word_1_192' title='bbox 806 1657 990 1694; x_wconf 88' lang='lat' dir='ltr'>conscius</span> <span class='ocrx_word' id='word_1_193' title='bbox 1001 1651 1034 1709; x_wconf 76' lang='lat'>2)</span> <span class='ocrx_word' id='word_1_194' title='bbox 1067 1656 1149 1694; x_wconf 90' lang='lat' dir='ltr'>sive</span> <span class='ocrx_word' id='word_1_195' title='bbox 1175 1656 1350 1707; x_wconf 88' lang='lat' dir='ltr'>ignarus,</span> <span class='ocrx_word' id='word_1_196' title='bbox 1382 1667 1499 1708; x_wconf 87' lang='lat' dir='ltr'>quam</span> <span class='ocrx_word' id='word_1_197' title='bbox 1524 1659 1569 1694; x_wconf 84' lang='lat' dir='ltr'>ut</span> <span class='ocrx_word' id='word_1_198' title='bbox 1592 1655 1634 1693; x_wconf 90' lang='lat' dir='ltr'>in</span> <span class='ocrx_word' id='word_1_199' title='bbox 1662 1653 1821 1693; x_wconf 90' lang='lat' dir='ltr'>domum</span> <span class='ocrx_word' id='word_1_200' title='bbox 1852 1664 1919 1705; x_wconf 90' lang='lat' dir='ltr'>pa-</span> 
     </span>
     <span class='ocr_line' id='line_1_24' title="bbox 348 1720 1919 1774; baseline -0.001 -16"><span class='ocrx_word' id='word_1_201' title='bbox 348 1721 466 1759; x_wconf 87' lang='lat' dir='ltr'>triam</span> <span class='ocrx_word' id='word_1_202' title='bbox 498 1721 761 1774; x_wconf 83' lang='lat' dir='ltr'>reciperetur3</span> <span class='ocrx_word' id='word_1_203' title='bbox 795 1726 834 1760; x_wconf 87' lang='lat' dir='ltr'>et</span> <span class='ocrx_word' id='word_1_204' title='bbox 864 1722 1097 1772; x_wconf 88' lang='lat' dir='ltr'>priusquam</span> <span class='ocrx_word' id='word_1_205' title='bbox 1123 1720 1313 1760; x_wconf 89' lang='lat' dir='ltr'>Helenam</span> <span class='ocrx_word' id='word_1_206' title='bbox 1346 1721 1489 1772; x_wconf 89' lang='lat' dir='ltr'>rapuit,</span> <span class='ocrx_word' id='word_1_207' title='bbox 1520 1720 1746 1759; x_wconf 88' lang='lat' dir='ltr'>necessario</span> <span class='ocrx_word' id='word_1_208' title='bbox 1772 1723 1833 1758; x_wconf 93' lang='lat' dir='ltr'>est</span> <span class='ocrx_word' id='word_1_209' title='bbox 1858 1729 1919 1757; x_wconf 91' lang='lat' dir='ltr'>re-</span> 
     </span>
     <span class='ocr_line' id='line_1_25' title="bbox 348 1785 1920 1838; baseline -0.001 -14"><span class='ocrx_word' id='word_1_210' title='bbox 348 1786 532 1836; x_wconf 85' lang='lat' dir='ltr'>cognitus</span> <span class='ocrx_word' id='word_1_211' title='bbox 559 1787 665 1837; x_wconf 89' lang='lat' dir='ltr'>regis</span> <span class='ocrx_word' id='word_1_212' title='bbox 692 1786 813 1826; x_wconf 86' lang='lat' dir='ltr'>filius:</span> <span class='ocrx_word' id='word_1_213' title='bbox 841 1799 861 1825; x_wconf 87' lang='lat' dir='ltr'>a</span> <span class='ocrx_word' id='word_1_214' title='bbox 883 1799 958 1838; x_wconf 92' lang='lat' dir='ltr'>qua</span> <span class='ocrx_word' id='word_1_215' title='bbox 986 1785 1217 1825; x_wconf 91' lang='lat' dir='ltr'>condicione</span> <span class='ocrx_word' id='word_1_216' title='bbox 1238 1785 1427 1825; x_wconf 89' lang='lat' dir='ltr'>recedere</span> <span class='ocrx_word' id='word_1_217' title='bbox 1448 1797 1526 1824; x_wconf 92' lang='lat' dir='ltr'>non</span> <span class='ocrx_word' id='word_1_218' title='bbox 1545 1795 1768 1836; x_wconf 89' lang='lat' dir='ltr'>possumus.</span> <span class='ocrx_word' id='word_1_219' title='bbox 1799 1795 1920 1823; x_wconf 87' lang='lat' dir='ltr'>naves</span> 
     </span>
     <span class='ocr_line' id='line_1_26' title="bbox 352 1850 1920 1902; baseline -0.001 -13"><span class='ocrx_word' id='word_1_220' title='bbox 352 1852 458 1889; x_wconf 87' lang='lat' dir='ltr'>enim</span> <span class='ocrx_word' id='word_1_221' title='bbox 491 1863 666 1902; x_wconf 88' lang='lat' dir='ltr'>opesque</span> <span class='ocrx_word' id='word_1_222' title='bbox 699 1850 747 1890; x_wconf 87' lang='lat' dir='ltr'>ad</span> <span class='ocrx_word' id='word_1_223' title='bbox 779 1852 856 1890; x_wconf 80' lang='lat' dir='ltr'>iter</span> <span class='ocrx_word' id='word_1_224' title='bbox 881 1850 1220 1890; x_wconf 87' lang='lat' dir='ltr'>Lacedaemonem</span> <span class='ocrx_word' id='word_1_225' title='bbox 1247 1850 1545 1902; x_wconf 89' lang='lat' dir='ltr'>suscipiendum</span> <span class='ocrx_word' id='word_1_226' title='bbox 1571 1861 1670 1901; x_wconf 88' lang='lat' dir='ltr'>opus</span> <span class='ocrx_word' id='word_1_227' title='bbox 1697 1853 1820 1901; x_wconf 86' lang='lat' dir='ltr'>erant,</span> <span class='ocrx_word' id='word_1_228' title='bbox 1851 1860 1920 1888; x_wconf 91' lang='lat' dir='ltr'>ne-</span> 
     </span>
     <span class='ocr_line' id='line_1_27' title="bbox 350 1914 1921 1967; baseline -0.001 -13"><span class='ocrx_word' id='word_1_229' title='bbox 350 1927 428 1966; x_wconf 89' lang='lat' dir='ltr'>que</span> <span class='ocrx_word' id='word_1_230' title='bbox 456 1917 635 1967; x_wconf 90' lang='lat' dir='ltr'>corrupit</span> <span class='ocrx_word' id='word_1_231' title='bbox 654 1917 831 1967; x_wconf 86' lang='lat' dir='ltr'>reginam</span> <span class='ocrx_word' id='word_1_232' title='bbox 851 1921 987 1967; x_wconf 88' lang='lat' dir='ltr'>pastor</span> <span class='ocrx_word' id='word_1_233' title='bbox 1006 1915 1211 1966; x_wconf 87' lang='lat' dir='ltr'>obscurus,</span> <span class='ocrx_word' id='word_1_234' title='bbox 1237 1916 1302 1954; x_wconf 89' lang='lat' dir='ltr'>cui</span> <span class='ocrx_word' id='word_1_235' title='bbox 1322 1927 1399 1966; x_wconf 92' lang='lat' dir='ltr'>quo</span> <span class='ocrx_word' id='word_1_236' title='bbox 1419 1914 1634 1954; x_wconf 87' lang='lat' dir='ltr'>abduceret</span> <span class='ocrx_word' id='word_1_237' title='bbox 1652 1918 1816 1966; x_wconf 88' lang='lat' dir='ltr'>raptam,</span> <span class='ocrx_word' id='word_1_238' title='bbox 1841 1925 1921 1954; x_wconf 88' lang='lat' dir='ltr'>non</span> 
     </span>
     <span class='ocr_line' id='line_1_28' title="bbox 350 1979 1920 2032; baseline -0.001 -13"><span class='ocrx_word' id='word_1_239' title='bbox 350 1985 446 2019; x_wconf 86' lang='lat' dir='ltr'>erat.</span> <span class='ocrx_word' id='word_1_240' title='bbox 475 1985 611 2020; x_wconf 91' lang='lat' dir='ltr'>contra</span> <span class='ocrx_word' id='word_1_241' title='bbox 629 1981 704 2020; x_wconf 93' lang='lat' dir='ltr'>hoc</span> <span class='ocrx_word' id='word_1_242' title='bbox 725 1993 879 2032; x_wconf 89' lang='lat' dir='ltr'>quoque</span> <span class='ocrx_word' id='word_1_243' title='bbox 901 1985 1054 2020; x_wconf 82' lang='lat' dir='ltr'>certum</span> <span class='ocrx_word' id='word_1_244' title='bbox 1075 1985 1146 2032; x_wconf 90' lang='lat' dir='ltr'>est,</span> <span class='ocrx_word' id='word_1_245' title='bbox 1172 1980 1276 2032; x_wconf 88' lang='lat' dir='ltr'>quod</span> <span class='ocrx_word' id='word_1_246' title='bbox 1298 1985 1386 2019; x_wconf 90' lang='lat' dir='ltr'>ante</span> <span class='ocrx_word' id='word_1_247' title='bbox 1407 1979 1615 2019; x_wconf 87' lang='lat' dir='ltr'>arbitrium</span> <span class='ocrx_word' id='word_1_248' title='bbox 1635 1979 1746 2017; x_wconf 90' lang='lat' dir='ltr'>Paris</span> <span class='ocrx_word' id='word_1_249' title='bbox 1764 1979 1920 2030; x_wconf 87' lang='lat' dir='ltr'>agnitus</span> 
     </span>
     <span class='ocr_line' id='line_1_29' title="bbox 351 2034 1923 2096; baseline -0.001 -13"><span class='ocrx_word' id='word_1_250' title='bbox 351 2057 430 2084; x_wconf 92' lang='lat' dir='ltr'>non</span> <span class='ocrx_word' id='word_1_251' title='bbox 457 2050 527 2085; x_wconf 89' lang='lat' dir='ltr'>est.</span> <span class='ocrx_word' id='word_1_252' title='bbox 554 2058 645 2085; x_wconf 88' lang='lat' dir='ltr'>nam</span> <span class='ocrx_word' id='word_1_253' title='bbox 671 2045 862 2085; x_wconf 90' lang='lat' dir='ltr'>iudicium</span> <span class='ocrx_word' id='word_1_254' title='bbox 888 2045 1009 2085; x_wconf 88' lang='lat' dir='ltr'>latum</span> <span class='ocrx_word' id='word_1_255' title='bbox 1037 2058 1124 2085; x_wconf 90' lang='lat' dir='ltr'>esse</span> <span class='ocrx_word' id='word_1_256' title='bbox 1151 2047 1191 2084; x_wconf 91' lang='lat' dir='ltr'>in</span> <span class='ocrx_word' id='word_1_257' title='bbox 1212 2045 1279 2085; x_wconf 90' lang='lat' dir='ltr'>Ida</span> <span class='ocrx_word' id='word_1_258' title='bbox 1299 2050 1443 2096; x_wconf 88' lang='lat' dir='ltr'>monte,</span> <span class='ocrx_word' id='word_1_259' title='bbox 1469 2045 1667 2084; x_wconf 88' lang='lat' dir='ltr'>artissime</span> <span class='ocrx_word' id='word_1_260' title='bbox 1680 2034 1840 2083; x_wconf 69' lang='lat' dir='ltr'>⁰fabulae</span> <span class='ocrx_word' id='word_1_261' title='bbox 1861 2048 1923 2083; x_wconf 91' lang='lat' dir='ltr'>est</span> 
     </span>
     <span class='ocr_line' id='line_1_30' title="bbox 352 2104 1919 2165; baseline 0 -17"><span class='ocrx_word' id='word_1_262' title='bbox 352 2107 598 2165; x_wconf 79' lang='lat' dir='ltr'>insertum.³)</span> <span class='ocrx_word' id='word_1_263' title='bbox 636 2124 712 2163; x_wconf 93' lang='lat' dir='ltr'>quo</span> <span class='ocrx_word' id='word_1_264' title='bbox 741 2112 886 2151; x_wconf 79' lang='lat' dir='ltr'>factum</span> <span class='ocrx_word' id='word_1_265' title='bbox 914 2116 986 2163; x_wconf 84' lang='lat' dir='ltr'>est,</span> <span class='ocrx_word' id='word_1_266' title='bbox 1011 2115 1056 2150; x_wconf 88' lang='lat' dir='ltr'>ut</span> <span class='ocrx_word' id='word_1_267' title='bbox 1080 2110 1213 2150; x_wconf 87' lang='lat' dir='ltr'>Paridi</span> <span class='ocrx_word' id='word_1_268' title='bbox 1239 2110 1408 2150; x_wconf 87' lang='lat' dir='ltr'>inditum</span> <span class='ocrx_word' id='word_1_269' title='bbox 1435 2112 1486 2149; x_wconf 90' lang='lat' dir='ltr'>sit</span> <span class='ocrx_word' id='word_1_270' title='bbox 1512 2121 1730 2161; x_wconf 89' lang='lat' dir='ltr'>cognomen</span> <span class='ocrx_word' id='word_1_271' title='bbox 1749 2104 1919 2156; x_wconf 79' lang='grc' dir='ltr'><em>Ἰδαῖος.</em></span> 
     </span>
     <span class='ocr_line' id='line_1_31' title="bbox 353 2174 1921 2228; baseline -0.001 -14"><span class='ocrx_word' id='word_1_272' title='bbox 353 2188 482 2227; x_wconf 85' lang='lat' dir='ltr'>neque</span> <span class='ocrx_word' id='word_1_273' title='bbox 496 2189 588 2215; x_wconf 88' lang='lat' dir='ltr'>vero</span> <span class='ocrx_word' id='word_1_274' title='bbox 604 2176 716 2216; x_wconf 90' lang='lat' dir='ltr'>Paris</span> <span class='ocrx_word' id='word_1_275' title='bbox 727 2178 761 2216; x_wconf 91' lang='lat' dir='ltr'>si</span> <span class='ocrx_word' id='word_1_276' title='bbox 776 2189 795 2215; x_wconf 93' lang='lat' dir='ltr'>a</span> <span class='ocrx_word' id='word_1_277' title='bbox 810 2175 1044 2228; x_wconf 84' lang='lat' dir='ltr'>parentibus</span> <span class='ocrx_word' id='word_1_278' title='bbox 1060 2178 1288 2228; x_wconf 85' lang='lat' dir='ltr'>recognitus</span> <span class='ocrx_word' id='word_1_279' title='bbox 1303 2180 1418 2228; x_wconf 87' lang='lat' dir='ltr'>esset,</span> <span class='ocrx_word' id='word_1_280' title='bbox 1446 2175 1493 2215; x_wconf 91' lang='lat' dir='ltr'>ad</span> <span class='ocrx_word' id='word_1_281' title='bbox 1513 2186 1655 2227; x_wconf 89' lang='lat' dir='ltr'>greges</span> <span class='ocrx_word' id='word_1_282' title='bbox 1674 2174 1921 2227; x_wconf 82' lang='lat' dir='ltr'>revertisset3</span> 
     </span>
     <span class='ocr_line' id='line_1_32' title="bbox 354 2239 1921 2293; baseline -0.001 -14"><span class='ocrx_word' id='word_1_283' title='bbox 354 2263 409 2268; x_wconf 79' lang='lat'>--</span> <span class='ocrx_word' id='word_1_284' title='bbox 437 2253 502 2279; x_wconf 88' lang='lat' dir='ltr'>res</span> <span class='ocrx_word' id='word_1_285' title='bbox 529 2243 635 2280; x_wconf 90' lang='lat' dir='ltr'>enim</span> <span class='ocrx_word' id='word_1_286' title='bbox 662 2247 723 2281; x_wconf 90' lang='lat' dir='ltr'>est</span> <span class='ocrx_word' id='word_1_287' title='bbox 749 2242 886 2281; x_wconf 87' lang='lat' dir='ltr'>eadem</span> <span class='ocrx_word' id='word_1_288' title='bbox 915 2247 1033 2293; x_wconf 88' lang='lat' dir='ltr'>atque</span> <span class='ocrx_word' id='word_1_289' title='bbox 1060 2243 1094 2281; x_wconf 91' lang='lat' dir='ltr'>si</span> <span class='ocrx_word' id='word_1_290' title='bbox 1120 2242 1226 2293; x_wconf 89' lang='lat' dir='ltr'>regis</span> <span class='ocrx_word' id='word_1_291' title='bbox 1253 2241 1357 2281; x_wconf 84' lang='lat' dir='ltr'>filius</span> <span class='ocrx_word' id='word_1_292' title='bbox 1384 2241 1431 2280; x_wconf 89' lang='lat' dir='ltr'>ab</span> <span class='ocrx_word' id='word_1_293' title='bbox 1458 2242 1571 2280; x_wconf 91' lang='lat' dir='ltr'>initio</span> <span class='ocrx_word' id='word_1_294' title='bbox 1598 2239 1810 2291; x_wconf 87' lang='lat' dir='ltr'>legitimus,</span> <span class='ocrx_word' id='word_1_295' title='bbox 1835 2240 1861 2278; x_wconf 90' lang='lat' dir='ltr'>i.</span> <span class='ocrx_word' id='word_1_296' title='bbox 1888 2250 1921 2278; x_wconf 84' lang='lat' dir='ltr'>e.</span> 
     </span>
     <span class='ocr_line' id='line_1_33' title="bbox 352 2304 1923 2359; baseline -0.001 -15"><span class='ocrx_word' id='word_1_297' title='bbox 352 2306 401 2344; x_wconf 89' lang='lat' dir='ltr'>ab</span> <span class='ocrx_word' id='word_1_298' title='bbox 428 2306 611 2346; x_wconf 90' lang='lat' dir='ltr'>omnibus</span> <span class='ocrx_word' id='word_1_299' title='bbox 640 2309 807 2359; x_wconf 81' lang='lat' dir='ltr'>agnitus,</span> <span class='ocrx_word' id='word_1_300' title='bbox 834 2308 1085 2347; x_wconf 88' lang='lat' dir='ltr'>existimatur</span> <span class='ocrx_word' id='word_1_301' title='bbox 1109 2313 1255 2359; x_wconf 86' lang='lat' dir='ltr'>pastor.</span> <span class='ocrx_word' id='word_1_302' title='bbox 1291 2318 1420 2358; x_wconf 90' lang='lat' dir='ltr'>neque</span> <span class='ocrx_word' id='word_1_303' title='bbox 1447 2311 1583 2345; x_wconf 90' lang='lat' dir='ltr'>contra</span> <span class='ocrx_word' id='word_1_304' title='bbox 1603 2309 1769 2357; x_wconf 90' lang='lat' dir='ltr'>possunt</span> <span class='ocrx_word' id='word_1_305' title='bbox 1787 2304 1923 2343; x_wconf 85' lang='lat' dir='ltr'>afferri</span> 
     </span>
    </p>
   </div>
   <div class='ocr_carea' id='block_1_5' title="bbox 353 2452 1926 2942">
    <p class='ocr_par' dir='ltr' id='par_1_5' title="bbox 353 2452 1921 2609">
     <span class='ocr_line' id='line_1_34' title="bbox 416 2452 1921 2502; baseline -0.002 -12"><span class='ocrx_word' id='word_1_306' title='bbox 416 2458 448 2502; x_wconf 91' lang='lat'>1)</span> <span class='ocrx_word' id='word_1_307' title='bbox 475 2457 605 2502; x_wconf 89' lang='lat' dir='ltr'>delego</span> <span class='ocrx_word' id='word_1_308' title='bbox 632 2458 680 2492; x_wconf 83' lang='lat' dir='ltr'>ad</span> <span class='ocrx_word' id='word_1_309' title='bbox 704 2458 897 2493; x_wconf 88' lang='lat' dir='ltr'>Phoenicis</span> <span class='ocrx_word' id='word_1_310' title='bbox 923 2457 1088 2493; x_wconf 85' lang='lat' dir='ltr'>fabulam</span> <span class='ocrx_word' id='word_1_311' title='bbox 1114 2457 1160 2492; x_wconf 88' lang='lat' dir='ltr'>ab</span> <span class='ocrx_word' id='word_1_312' title='bbox 1186 2456 1405 2501; x_wconf 82' lang='lat' dir='ltr'>Euripide</span> <span class='ocrx_word' id='word_1_313' title='bbox 1431 2455 1482 2490; x_wconf 81' lang='lat' dir='ltr'>ita</span> <span class='ocrx_word' id='word_1_314' title='bbox 1507 2455 1732 2496; x_wconf 72' lang='lat' dir='ltr'>instructam,</span> <span class='ocrx_word' id='word_1_315' title='bbox 1757 2454 1800 2488; x_wconf 86' lang='lat' dir='ltr'>ut</span> <span class='ocrx_word' id='word_1_316' title='bbox 1822 2452 1921 2488; x_wconf 85' lang='lat' dir='ltr'>filius</span> 
     </span>
     <span class='ocr_line' id='line_1_35' title="bbox 353 2505 1920 2556; baseline -0.003 -12"><span class='ocrx_word' id='word_1_317' title='bbox 353 2520 377 2544; x_wconf 83' lang='lat' dir='ltr'>a</span> <span class='ocrx_word' id='word_1_318' title='bbox 400 2512 502 2554; x_wconf 83' lang='lat' dir='ltr'>patre</span> <span class='ocrx_word' id='word_1_319' title='bbox 528 2511 620 2546; x_wconf 86' lang='lat' dir='ltr'>irato</span> <span class='ocrx_word' id='word_1_320' title='bbox 640 2513 900 2554; x_wconf 73' lang='lat' dir='ltr'>occaecaretm,</span> <span class='ocrx_word' id='word_1_321' title='bbox 927 2522 1039 2556; x_wconf 83' lang='lat' dir='ltr'>quam</span> <span class='ocrx_word' id='word_1_322' title='bbox 1058 2511 1195 2546; x_wconf 80' lang='lat' dir='ltr'>famam</span> <span class='ocrx_word' id='word_1_323' title='bbox 1215 2511 1359 2545; x_wconf 86' lang='lat' dir='ltr'>secutus</span> <span class='ocrx_word' id='word_1_324' title='bbox 1378 2510 1433 2544; x_wconf 86' lang='lat' dir='ltr'>est</span> <span class='ocrx_word' id='word_1_325' title='bbox 1451 2508 1698 2553; x_wconf 86' lang='lat' dir='ltr'>Apollodorus</span> <span class='ocrx_word' id='word_1_326' title='bbox 1717 2507 1846 2542; x_wconf 73' lang='lat'><strong>1111‘15</strong></span> <span class='ocrx_word' id='word_1_327' title='bbox 1861 2505 1920 2541; x_wconf 90' lang='lat' dir='ltr'>W.</span> 
     </span>
     <span class='ocr_line' id='line_1_36' title="bbox 353 2563 1588 2609; baseline -0.002 -12"><span class='ocrx_word' id='word_1_328' title='bbox 353 2563 411 2606; x_wconf 87' lang='lat' dir='ltr'>(cf.</span> <span class='ocrx_word' id='word_1_329' title='bbox 439 2563 615 2600; x_wconf 87' lang='lat' dir='ltr'>Roscheri</span> <span class='ocrx_word' id='word_1_330' title='bbox 640 2565 710 2599; x_wconf 73' lang='lat' dir='ltr'>leX.</span> <span class='ocrx_word' id='word_1_331' title='bbox 736 2565 850 2609; x_wconf 81' lang='lat' dir='ltr'>myth.</span> <span class='ocrx_word' id='word_1_332' title='bbox 879 2577 907 2600; x_wconf 85' lang='lat' dir='ltr'>s.</span> <span class='ocrx_word' id='word_1_333' title='bbox 933 2564 1092 2599; x_wconf 86' lang='lat' dir='ltr'>Phoinix</span> <span class='ocrx_word' id='word_1_334' title='bbox 1117 2576 1153 2608; x_wconf 88' lang='lat' dir='ltr'>p.</span> <span class='ocrx_word' id='word_1_335' title='bbox 1180 2566 1314 2609; x_wconf 71' lang='lat'>2404„</span> <span class='ocrx_word' id='word_1_336' title='bbox 1330 2574 1388 2605; x_wconf 67' lang='lat' dir='ltr'>se„</span> <span class='ocrx_word' id='word_1_337' title='bbox 1414 2565 1500 2608; x_wconf 73' lang='lat'>05³⁴</span> <span class='ocrx_word' id='word_1_338' title='bbox 1517 2563 1588 2606; x_wconf 69' lang='lat' dir='ltr'>ss).</span> 
     </span>
    </p>

    <p class='ocr_par' dir='ltr' id='par_1_6' title="bbox 414 2623 1508 2669">
     <span class='ocr_line' id='line_1_37' title="bbox 414 2623 1508 2669; baseline -0.001 -12"><span class='ocrx_word' id='word_1_339' title='bbox 414 2625 449 2669; x_wconf 80' lang='lat'>2)</span> <span class='ocrx_word' id='word_1_340' title='bbox 475 2626 516 2658; x_wconf 91' lang='lat' dir='ltr'>ut</span> <span class='ocrx_word' id='word_1_341' title='bbox 539 2624 757 2659; x_wconf 83' lang='lat' dir='ltr'>Dracontius</span> <span class='ocrx_word' id='word_1_342' title='bbox 781 2635 860 2659; x_wconf 84' lang='lat' dir='ltr'>rem</span> <span class='ocrx_word' id='word_1_343' title='bbox 885 2624 990 2658; x_wconf 85' lang='lat' dir='ltr'>finxit</span> <span class='ocrx_word' id='word_1_344' title='bbox 1014 2623 1097 2658; x_wconf 89' lang='lat' dir='ltr'><strong>VIII</strong></span> <span class='ocrx_word' id='word_1_345' title='bbox 1122 2626 1298 2657; x_wconf 82' lang='lat'><strong>98—103.</strong></span> <span class='ocrx_word' id='word_1_346' title='bbox 1506 2627 1508 2629; x_wconf 84' lang='grc'><strong>’</strong></span> 
     </span>
    </p>

    <p class='ocr_par' dir='ltr' id='par_1_7' title="bbox 354 2677 1926 2942">
     <span class='ocr_line' id='line_1_38' title="bbox 415 2677 1924 2728; baseline -0.004 -10"><span class='ocrx_word' id='word_1_347' title='bbox 415 2685 449 2728; x_wconf 86' lang='grc'>3)</span> <span class='ocrx_word' id='word_1_348' title='bbox 488 2684 531 2718; x_wconf 90' lang='lat' dir='ltr'>cf.</span> <span class='ocrx_word' id='word_1_349' title='bbox 570 2684 751 2726; x_wconf 85' lang='lat' dir='ltr'>Welcker‚</span> <span class='ocrx_word' id='word_1_350' title='bbox 791 2683 887 2728; x_wconf 78' lang='lat' dir='ltr'>Cycl.</span> <span class='ocrx_word' id='word_1_351' title='bbox 926 2694 984 2727; x_wconf 89' lang='lat' dir='ltr'>ep.</span> <span class='ocrx_word' id='word_1_352' title='bbox 1016 2682 1072 2717; x_wconf 77' lang='lat'>11²</span> <span class='ocrx_word' id='word_1_353' title='bbox 1104 2685 1195 2716; x_wconf 79' lang='lat'>1882</span> <span class='ocrx_word' id='word_1_354' title='bbox 1214 2693 1250 2726; x_wconf 90' lang='lat' dir='ltr'>p.</span> <span class='ocrx_word' id='word_1_355' title='bbox 1273 2685 1328 2716; x_wconf 87' lang='grc'>90.</span> <span class='ocrx_word' id='word_1_356' title='bbox 1365 2681 1476 2726; x_wconf 80' lang='lat' dir='ltr'>etiam</span> <span class='ocrx_word' id='word_1_357' title='bbox 1506 2680 1545 2714; x_wconf 91' lang='lat' dir='ltr'>in</span> <span class='ocrx_word' id='word_1_358' title='bbox 1576 2679 1673 2714; x_wconf 83' lang='lat' dir='ltr'>vasis</span> <span class='ocrx_word' id='word_1_359' title='bbox 1704 2678 1825 2723; x_wconf 80' lang='lat' dir='ltr'>pictis,</span> <span class='ocrx_word' id='word_1_360' title='bbox 1857 2677 1924 2713; x_wconf 87' lang='lat' dir='ltr'>ubi</span> 
     </span>
     <span class='ocr_line' id='line_1_39' title="bbox 354 2732 1923 2781; baseline -0.004 -9"><span class='ocrx_word' id='word_1_361' title='bbox 354 2737 455 2780; x_wconf 90' lang='lat' dir='ltr'>quod</span> <span class='ocrx_word' id='word_1_362' title='bbox 498 2737 649 2772; x_wconf 83' lang='lat' dir='ltr'>dearum</span> <span class='ocrx_word' id='word_1_363' title='bbox 692 2737 873 2771; x_wconf 90' lang='lat' dir='ltr'>iudicium</span> <span class='ocrx_word' id='word_1_364' title='bbox 917 2736 1132 2781; x_wconf 82' lang='lat' dir='ltr'>saepissime</span> <span class='ocrx_word' id='word_1_365' title='bbox 1177 2735 1388 2777; x_wconf 79' lang='lat' dir='ltr'>adhibetur,</span> <span class='ocrx_word' id='word_1_366' title='bbox 1430 2733 1567 2768; x_wconf 88' lang='lat' dir='ltr'>mirum</span> <span class='ocrx_word' id='word_1_367' title='bbox 1617 2743 1704 2767; x_wconf 75' lang='lat' dir='ltr'>sane</span> <span class='ocrx_word' id='word_1_368' title='bbox 1746 2742 1820 2766; x_wconf 91' lang='lat' dir='ltr'>non</span> <span class='ocrx_word' id='word_1_369' title='bbox 1858 2732 1923 2774; x_wconf 83' lang='lat' dir='ltr'>est,</span> 
     </span>
     <span class='ocr_line' id='line_1_40' title="bbox 354 2782 1923 2836; baseline -0.003 -13"><span class='ocrx_word' id='word_1_370' title='bbox 354 2790 423 2824; x_wconf 92' lang='lat' dir='ltr'>hoc</span> <span class='ocrx_word' id='word_1_371' title='bbox 467 2803 581 2825; x_wconf 90' lang='lat' dir='ltr'>unum</span> <span class='ocrx_word' id='word_1_372' title='bbox 627 2792 883 2836; x_wconf 81' lang='lat' dir='ltr'>argumentum</span> <span class='ocrx_word' id='word_1_373' title='bbox 921 2801 987 2834; x_wconf 88' lang='lat' dir='ltr'>per</span> <span class='ocrx_word' id='word_1_374' title='bbox 1034 2800 1141 2824; x_wconf 91' lang='lat' dir='ltr'>omne</span> <span class='ocrx_word' id='word_1_375' title='bbox 1185 2790 1330 2833; x_wconf 86' lang='lat' dir='ltr'>tempus</span> <span class='ocrx_word' id='word_1_376' title='bbox 1363 2786 1521 2822; x_wconf 83' lang='lat' dir='ltr'>obtineri</span> <span class='ocrx_word' id='word_1_377' title='bbox 1565 2785 1764 2820; x_wconf 88' lang='lat' dir='ltr'>Wentzel</span> <span class='ocrx_word' id='word_1_378' title='bbox 1807 2782 1923 2830; x_wconf 80' lang='grc' dir='ltr'>(Ἑπι-</span> 
     </span>
     <span class='ocr_line' id='line_1_41' title="bbox 354 2837 1926 2889; baseline -0.003 -13"><span class='ocrx_word' id='word_1_379' title='bbox 354 2842 546 2887; x_wconf 75' lang='grc' dir='ltr'><em>θαλάμιον</em></span> <span class='ocrx_word' id='word_1_380' title='bbox 581 2848 671 2879; x_wconf 87' lang='grc'><strong>1890</strong></span> <span class='ocrx_word' id='word_1_381' title='bbox 696 2856 733 2888; x_wconf 90' lang='lat' dir='ltr'>p.</span> <span class='ocrx_word' id='word_1_382' title='bbox 756 2846 812 2889; x_wconf 88' lang='lat'>11)</span> <span class='ocrx_word' id='word_1_383' title='bbox 839 2844 1036 2888; x_wconf 81' lang='lat' dir='ltr'>praedicat,</span> <span class='ocrx_word' id='word_1_384' title='bbox 1063 2842 1162 2886; x_wconf 88' lang='lat' dir='ltr'>quod</span> <span class='ocrx_word' id='word_1_385' title='bbox 1189 2839 1372 2886; x_wconf 79' lang='grc' dir='ltr'><strong><em>ὑλόκομον</em></strong></span> <span class='ocrx_word' id='word_1_386' title='bbox 1398 2839 1516 2880; x_wconf 81' lang='grc' dir='ltr'><strong><em>νάπος</em></strong></span> <span class='ocrx_word' id='word_1_387' title='bbox 1543 2838 1771 2883; x_wconf 68' lang='lat' dir='ltr'>significatur</span> <span class='ocrx_word' id='word_1_388' title='bbox 1801 2838 1841 2872; x_wconf 91' lang='lat' dir='ltr'>in</span> <span class='ocrx_word' id='word_1_389' title='bbox 1859 2837 1926 2872; x_wconf 82' lang='lat' dir='ltr'>Ida,</span> 
     </span>
     <span class='ocr_line' id='line_1_42' title="bbox 354 2898 676 2942; baseline 0 -10"><span class='ocrx_word' id='word_1_390' title='bbox 354 2899 478 2932; x_wconf 87' lang='lat' dir='ltr'>monte</span> <span class='ocrx_word' id='word_1_391' title='bbox 503 2898 676 2942; x_wconf 84' lang='lat' dir='ltr'>positum.</span> 
     </span>
    </p>
   </div>
  </div>
 </body>
</html>
