2106 3320
1016 160 1279 201 —2-

361 282 503 333 aliquis
530 277 590 335 (in
618 276 797 334 scholiis)
825 279 1005 319 exhibuit
1022 278 1293 332 Nymphodori
1313 281 1556 335 relationem,
1582 285 1652 335 qui
1676 285 1849 337 scriptor
1866 297 1930 325 re-

360 347 512 388 centior
530 347 616 398 ipse
632 345 867 385 exhauserat
879 343 1135 384 Herodotum.
1156 350 1239 385 tum
1260 345 1308 386 ad
1327 346 1543 398 Antigonae
1562 360 1597 388 v.
1612 345 1700 388 264
1718 348 1929 390 scholiasta

359 412 583 465 exemplum
604 411 718 452 affert
737 410 1060 462 Phocaeensium,
1085 422 1161 450 nec
1179 423 1272 451 vero
1293 412 1500 452 arcessivit
1523 412 1695 453 fabulam
1713 413 1930 455 Herodote-

359 490 434 530 am,
454 477 525 518 sed
538 489 698 517 versum
713 475 961 529 Callimachi3
989 480 1125 515 contra
1151 475 1199 515 ad
1213 476 1395 517 Trachin.
1419 475 1504 517 172
1529 483 1688 530 praeter
1712 477 1929 520 Homerum

357 542 569 584 Pindarum
598 541 828 594 Euripidem
853 546 977 580 testes
1004 540 1166 581 advocat
1190 543 1307 582 etiam
1332 539 1624 598 Herodotum.¹)

417 608 535 660 Atqui
567 609 608 647 in
640 606 941 659 contemplanda
966 606 1106 646 harum
1138 608 1439 659 inquisitionum
1469 608 1633 649 historia
1665 610 1862 662 imprimis
1887 611 1929 650 in

358 687 521 715 censum
554 674 663 713 venit
694 672 919 724 exemplum
952 673 1122 712 maxime
1155 674 1430 726 conspicuum:
1463 674 1567 726 quod
1594 674 1742 715 dictum
1768 675 1928 727 Antigo-

356 751 430 780 nae
466 735 604 794 (Soph.
625 738 753 790 Antig.
774 735 1000 792 905—12)
1035 739 1211 778 omnium
1247 744 1407 778 tenetur
1440 741 1641 780 memoria.
1701 753 1777 792 qua
1811 742 1852 781 in
1884 753 1928 781 re

355 806 484 858 primo
522 803 683 856 quidem
717 803 899 843 mirabile
937 808 1014 855 est,
1049 802 1155 855 quod
1189 805 1309 843 istum
1345 809 1579 844 concentum
1615 818 1704 845 cum
1730 805 1927 846 Herodoto

355 868 429 926 (111
454 867 556 925 119)
583 869 875 909 lucidissimum
901 881 951 908 ne
977 868 1269 908 Aristoteles
1294 869 1454 921 quidem
1481 869 1661 922 offendit,
1687 872 1834 923 quippe
1859 873 1928 924 qui

355 938 463 989 ipsos
497 947 637 975 versus
665 934 905 986 Sophocleos
940 934 1183 986 significaret
1227 933 1414 975 ἄπιστον
1448 934 1618 988 ideoque
1653 935 1927 988 explicationis

357 1006 518 1053 egentes
545 997 839 1055 (Rhet.11116‚
859 995 919 1054 9).
976 999 1080 1052 quod
1111 1004 1156 1039 ut
1188 1012 1441 1052 excusemus,
1475 1000 1542 1040 illa
1574 1005 1701 1041 aetate
1737 1001 1928 1043 historico

354 1066 579 1107 litterarum
605 1064 935 1105 conferendarum
963 1066 1116 1117 copiam
1141 1065 1264 1105 multo
1283 1066 1474 1105 maiorem
1501 1066 1623 1106 fuisse
1643 1071 1818 1118 paratam
1843 1079 1927 1107 mo-

355 1127 552 1186 nemus²):
573 1143 650 1183 quo
665 1135 795 1170 autem
810 1130 928 1170 latius
947 1135 1055 1182 patet
1074 1131 1273 1181 materies,
1300 1143 1346 1170 eo
1365 1132 1498 1170 minus
1512 1133 1689 1171 eminent
1707 1143 1772 1171 res
1792 1133 1927 1184 singu-

355 1197 426 1237 lae.
477 1202 595 1249 atque
614 1196 677 1236 vel
696 1196 770 1235 hac
790 1201 916 1235 aetate
937 1195 1023 1235 loco
1035 1195 1252 1247 Sophocleo
1267 1197 1478 1248 quicquam
1493 1209 1580 1236 esse
1601 1209 1691 1236 cum
1704 1196 1927 1238 Herodoteo

356 1267 541 1315 negatum
567 1257 676 1316 est.³‘⁵)
703 1266 840 1301 contra
865 1261 1155 1301 Plutarchus
1182 1257 1249 1315 (de
1270 1262 1355 1301 frat.
1371 1274 1445 1302 am.
1462 1261 1485 1302 7
1506 1274 1543 1314 p.
1557 1258 1666 1316 481)
1692 1261 1797 1314 quod
1821 1262 1926 1303 Inta-

355 1328 530 1382 phernae
556 1326 672 1367 modo
700 1327 842 1366 lamam
864 1326 1039 1366 reddidit
1058 1323 1266 1380 (nimirum
1285 1326 1559 1379 Herodoteam,
1585 1329 1661 1367 etsi
1679 1339 1790 1367 more
1810 1328 1926 1368 solito

354 1392 474 1433 huius
500 1393 708 1445 scriptoris
743 1393 933 1444 exscripti
966 1404 1111 1431 nomen
1143 1387 1314 1446 omisit),
1345 1392 1561 1443 Antigonae
1587 1392 1778 1444 neglexit:
1805 1405 1852 1434 ex
1878 1405 1925 1434 eo

355 1458 436 1498 solo
464 1457 780 1498 concludendum
799 1470 879 1497 non
906 1453 1012 1511 est4)
1023 1456 1089 1496 illo
1109 1470 1203 1497 aevo
1218 1458 1258 1496 in
1273 1457 1395 1497 altera
1415 1457 1595 1497 codicum
1617 1449 1926 1510 Sophocleomm

354 1528 465 1576 parte
492 1525 589 1563 istos
614 1535 754 1563 versus
780 1523 951 1562 famosos
977 1523 1100 1562 fuisse
1135 1522 1294 1562 deletos.

413 1588 591 1628 Primum
603 1600 708 1640 vero,
727 1593 918 1640 quantum
929 1589 1089 1639 scimus,
1105 1592 1319 1638 utrumque
1336 1587 1466 1627 locum
1484 1588 1689 1627 coniunxit
1708 1587 1737 1627 C
1745 1587 1758 1627 l
1766 1600 1832 1628 em
1843 1600 1864 1627 e
1872 1600 1925 1628 ns

353 1653 709 1694 Alexandrinus
743 1650 869 1707 (circa
894 1665 1039 1692 annum
1065 1665 1102 1704 p.
1124 1652 1214 1692 Chr.
1234 1648 1354 1707 200),
1385 1665 1475 1692 cum
1501 1652 1577 1692 alia
1601 1653 1706 1692 inter
1729 1652 1926 1705 permulta

355 1718 533 1771 exempla
546 1717 773 1772 μάρτυρας
783 1722 859 1770 τῆς
873 1719 1037 1771 κλοπῆς
1058 1713 1221 1765 αὐτοὺς
1240 1714 1341 1758 καθ’
1370 1714 1539 1757 ἑαυτῶν
1557 1714 1801 1771 παρέστησε
1819 1717 1926 1766 τοὺς

343 1781 562 1836 ’Έλληνας
593 1781 795 1838 (Stromat.
831 1783 879 1823 VI
910 1779 996 1838 19).
1053 1796 1152 1835 quae
1191 1784 1431 1836 comparatio
1463 1789 1571 1823 certe
1601 1783 1803 1836 prioribus
1834 1785 1925 1834 iam,

355 1851 424 1902 qui
448 1849 511 1888 his
537 1849 836 1901 quaestionibus
862 1861 1023 1900 operam
1050 1848 1211 1900 dabant,
1245 1849 1512 1900 grammaticis
1538 1847 1789 1889 attribuenda
1814 1844 1926 1901 est.⁵)

415 1947 449 1991 1)
475 1946 576 1980 haud
595 1945 752 1980 multum
772 1945 866 1980 hanc
892 1946 939 1980 ad
961 1944 1214 1989 quaestionem
1233 1945 1343 1979 refert
1361 1945 1594 1980 scholiastam
1613 1945 1853 1990 adscripsisse
1877 1946 1925 1981 ad

353 1998 507 2034 Philoct.
529 2002 595 2034 201
617 1999 731 2034 verba
750 1996 887 2043 εὕστομ’
920 1998 978 2044 ἔχε
1003 2003 1089 2033 παῖε
1115 1997 1298 2033 εἰώθασιν
1323 1997 1419 2033 οὕτω
1439 1996 1558 2043 λέγειν
1584 1998 1669 2034 ἀντὶ
1692 2004 1760 2034 τοῦ
1785 1998 1922 2033 σιώπα·

353 2051 394 2088 τὸ
426 2053 467 2088 δὲ
498 2058 670 2088 τοιοῦτον
701 2050 894 2098 κεχίασται
925 2051 981 2087 ὅτι
1006 2049 1224 2092 ‘EM-&vinds
1253 2063 1348 2086 ποτε,
1373 2051 1464 2097 (soil.
1491 2051 1765 2096 grammaticus)
1791 2051 1924 2097 ἀναγι-

354 2107 506 2143 νώσκων
532 2105 578 2142 τὰ
599 2104 845 2152 Ἡροδότου
872 2105 918 2150 (ΙΙ
939 2106 1020 2150 171)
1048 2104 1169 2150 ἔλεγεν
1191 2105 1291 2149 τπερὶ
1311 2105 1351 2140 δὲ
1372 2106 1489 2141 τῶνδε
1507 2118 1571 2150 μοι
1590 2104 1748 2150 εὔστομα
1766 2103 1922 2141 κείσθω’

355 2160 398 2196 οὐ
426 2161 582 2203 διαιρῶν
609 2159 660 2200 εἰς
687 2159 755 2195 δύο
775 2158 890 2201 λέξεις
915 2155 995 2198 ἀλλ’
1025 2159 1074 2199 ὡς
1098 2157 1146 2193 ἄν
1171 2171 1227 2199 τις
1252 2157 1351 2193 εἴποι
1369 2164 1487 2194 ταῦτα
1507 2157 1675 2203 εὔστομα.
1696 2157 1802 2193 -in
1821 2158 1923 2193 ncho-

356 2213 408 2249 lio
434 2215 557 2248 autem
582 2214 631 2248 ad
656 2212 825 2248 Trachin.
847 2215 915 2246 253
937 2210 1140 2255 Ἡρόδοτος
1163 2211 1256 2247 falso
1283 2212 1458 2257 scriptum
1484 2213 1539 2247 est
1561 2222 1629 2256 pro
1650 2209 1873 2255 “Ηρόδωρος.

414 2267 451 2312 2)
476 2266 579 2301 velut
602 2266 833 2311 grammatici
860 2265 1102 2300 Alexandrini
1129 2265 1320 2310 Sophoclis
1346 2265 1570 2300 exhibebant
1594 2266 1760 2300 dramata
1777 2265 1923 2300 eentum

352 2320 506 2365 triginta
531 2319 576 2354 cf.
603 2317 844 2364 Σοφοκλέους
868 2319 976 2365 γένος
1000 2319 1064 2354 καὶ
1089 2317 1171 2365 βίος
1196 2323 1215 2361 ἓ
1244 2322 1299 2354 18.

415 2375 449 2419 3)
474 2374 704 2418 postremum
728 2373 768 2407 ni
793 2372 900 2407 fallor
926 2372 972 2407 ab
998 2372 1030 2407 J.
1055 2372 1122 2407 Mo
1132 2371 1259 2415 oller,
1299 2372 1518 2417 Ehrengabe
1543 2372 1608 2406 der
1632 2370 1764 2407 Latina
1789 2374 1892 2407 1906.

413 2428 450 2472 4)
477 2426 578 2470 quod
603 2426 782 2461 conclusit
806 2425 852 2461 N.
879 2425 1026 2468 Festa,
1053 2425 1151 2460 ΑΗΘ
1170 2425 1212 2460 R.
1234 2429 1255 2460 6
1275 2426 1396 2472 (1903)
1414 2437 1451 2470 p.
1474 2427 1595 2460 129ss.

414 2481 448 2524 5)
474 2479 700 2524 Porphyrius
734 2480 835 2525 apud
866 2479 1000 2514 Euseb.
1021 2489 1146 2524 praep.
1161 2478 1411 2525 evang.X‘3·¹³
1427 2489 1464 2523 p.
1479 2481 1548 2513 465
1581 2476 1744 2513 exhibet:
1784 2475 1805 2513 ὁ
1830 2474 1923 2512 Ἀλε-

353 2533 534 2577 §moesos
562 2531 810 2577 Φιλόστρατος
841 2533 928 2577 περὶ
959 2537 1025 2577 τῆς
1050 2531 1288 2578 Σοφοκλέους
1319 2534 1458 2577 κλοπῆς
1481 2529 1741 2576 πραγματείαν
1765 2529 1923 2578 κατεβά-

353 2589 433 2623 λετο
469 2586 698 2632 (Cleopatrae
728 2586 935 2629 familiaris,
967 2586 1011 2620 cf.
1033 2585 1290 2631 Stemplinger,
1317 2586 1382 2620 das
1407 2585 1554 2630 Plagiat
1576 2585 1617 2620 in
1642 2584 1678 2619 d.
1697 2583 1834 2630 griech.
1853 2582 1923 2618 Lit.

356 2643 446 2676 1912
465 2652 502 2685 p.
525 2641 596 2685 35),
623 2643 703 2687 32³²
741 2638 952 2680 Πολλίωνος
978 2659 1022 2665 -
1049 2639 1134 2683 περὶ
1158 2643 1224 2683 τῆς
1253 2637 1460 2683 “Ηροὸότου
1494 2640 1635 2683 κλοπῆς
1669 2638 1745 2674 ἐστι
1779 2633 1923 2684 βιβλίον

353 2692 616 2739 (Stemplinger
639 2704 675 2738 p.
699 2696 755 2736 34,
776 2694 846 2738 50).
896 2704 965 2728 nec
988 2703 1074 2727 vero
1095 2692 1262 2727 Clemens
1281 2692 1362 2737 ipse
1381 2691 1475 2727 adiit
1492 2691 1582 2726 Hdti
1600 2691 1803 2732 historiam,
1822 2689 1924 2733 quod

353 2746 466 2782 verba
501 2747 638 2792 μητρὸς
668 2747 733 2781 καὶ
757 2744 897 2790 πατρὸς
928 2746 997 2781 οὐκ
1023 2743 1072 2782 ἔτ’
1104 2745 1224 2781 ὄντων
1250 2745 1417 2790 ἀδελφὸν
1442 2744 1553 2781 ἄλλον
1579 2744 1647 2790 οὐχ
1672 2742 1740 2786 ἔξω
1778 2742 1924 2778 diversa

354 2802 439 2835 sunt
463 2810 486 2835 a
508 2800 631 2835 verbis
656 2800 821 2835 historici
846 2799 897 2834 III
918 2802 1002 2834 119:
1028 2796 1169 2843 πατρὸς
1194 2797 1235 2834 δὲ
1261 2798 1325 2834 καὶ
1349 2798 1486 2844 μητρὸς
1511 2796 1634 2833 οὐκέτι
1659 2808 1726 2842 μευ
1751 2795 1922 2838 ζωόντων

354 2852 535 2898 ἀδελφεὸς
560 2850 609 2888 ἂν
634 2852 742 2894 ἄλλος
772 2852 900 2888 οὐδενὶ
931 2850 1055 2900 τρόπῳ
1086 2850 1232 2897 γένοιτο
1263 2851 1427 2898 (Stempl.
1448 2863 1483 2895 p.
1506 2853 1562 2894 75,
1594 2849 1659 2895 qui
1690 2849 1756 2885 illa
1785 2860 1806 2885 e
1831 2859 1921 2895 gno-

353 2905 545 2951 mologicis
571 2906 733 2942 fontibus
759 2907 883 2941 censet
908 2906 1065 2941 deducta
1088 2916 1124 2950 p.
1147 2906 1216 2951 ⁷9).

2096 1653 2106 1679 1>
2090 1543 2106 1641 1-572224n
2095 1511 2098 1516 >
2095 1462 2106 1476 a<
2101 1411 2106 1419 .-
