2106 3320
838 150 1129 194 —83-

178 266 741 329 mum-suncidantur1);
778 272 885 327 quod
915 271 966 313 ob
997 272 1151 312 crimen
1183 270 1378 311 nefarium
1411 268 1540 310 insula
1573 280 1768 309 summam

192 342 305 388 subit
331 341 615 384 calamitatem:
651 338 754 381 οὔτε
788 342 844 392 γῆ
875 334 1048 392 καρπὸν
1082 336 1212 391 ἔφερε
1243 333 1346 376 οὔτε
1376 331 1584 388 γυναῖκές
1616 348 1663 375 τε
1694 330 1769 375 καὶ

192 413 379 462 notans
415 404 578 461 ὁμοίως
614 405 788 447 ἔτικτον
818 400 891 445 καὶ
927 401 1014 457 πρὸ
1052 406 1144 443 τοῦ.
1187 399 1438 454 πιεζόμενοι
1469 398 1518 441 δὲ
1550 400 1663 457 λιμῷ
1694 398 1769 441 καὶ

192 470 380 528 hesdin
398 469 445 522 ἐς
456 466 709 525 Δελφοὺς’
684 483 882 524 επεμπον
902 467 1033 510 λύσιν
1051 465 1154 509 τινὰ
1171 465 1455 520 αἰτησόμενοι
1472 471 1564 507 τῶν
1580 465 1770 520 παρεόν-

192 553 287 583 σον
314 543 474 581 κακῶν.
518 542 653 578 nostra
684 537 818 588 magni
850 535 991 586 refert,
1029 532 1134 587 quod
1165 533 1594 586 propinquissimorum
1625 530 1768 573 caedes

193 610 304 649 tanta
326 604 601 646 exsecratione
627 602 809 655 imposita
835 602 893 641 sic
919 606 1093 651 sanatur,
1112 604 1158 639 ut
1181 597 1385 638 oraculum
1416 597 1649 650 Delphicum
1676 609 1768 638 con-

194 669 362 714 sulatur.
399 668 492 710 iude
514 670 619 709 enim
639 667 906 721 pestilentiam
925 664 1147 716 obvenisse,
1173 663 1421 704 devotionem
1443 665 1660 703 immissam
1678 674 1767 703 esse

194 734 441 789 intellegitur
466 747 486 775 a
513 735 655 786 noxiis,
680 732 786 773 unde
812 737 1003 784 petuntur
1027 729 1249 771 subsidium
1275 728 1562 782 absolutioque.
1598 741 1675 782 qua
1701 740 1768 768 ex-

194 801 420 844 secratione
457 805 497 840 et
534 799 758 852 expiatione
796 809 870 838 cur
899 796 1053 848 Pelasgi
1091 808 1113 836 e
1146 794 1295 835 Lemno
1329 794 1457 835 insula
1489 793 1645 847 expulsi
1676 795 1769 845 sint,

192 865 432 924 declaratur.
462 877 541 919 quo
560 865 686 917 magis
699 862 855 903 videtur
874 860 1111 914 mirandum,
1130 859 1236 913 quod
1254 860 1331 900 alio
1349 872 1508 913 quoque
1527 859 1613 900 loco
1629 858 1768 900 eadem

197 932 470 975 exsecratione
497 930 651 983 Pelasgi
682 935 727 970 ut
757 941 779 969 e
811 929 897 968 suis
928 926 1075 967 tinibus
1099 927 1330 978 migrarent,
1362 926 1566 978 linguntur
1590 924 1768 978 impulsi:

196 996 286 1039 dico
310 997 455 1037 famam
480 994 584 1049 apud
603 994 834 1047 Dionysium
854 991 976 1033 Halic.
997 988 1175 1047 (Antiqu.
1194 991 1210 1031 l
1230 987 1308 1047 23)
1328 997 1548 1031 exstantem
1570 990 1618 1031 de
1636 989 1769 1030 Pelas·

196 1063 260 1117 gis
288 1062 455 1114 Italicis,
487 1062 557 1114 qui
587 1060 809 1101 calamitate
841 1059 1023 1111 oppressi
1053 1059 1136 1097 sint
1166 1057 1416 1109 gravissima:
1447 1053 1540 1097 οὔτ’
1572 1052 1643 1097 ἐπὶ
1673 1060 1768 1103 τοῖς

199 1125 407 1181 δένδρεσι
431 1124 599 1179 καρπὸς
624 1122 774 1174 οὐδεὶς
797 1122 960 1177 ὡραῖος
984 1120 1196 1175 γενέσθαι
1220 1119 1442 1175 διέμεινεν
1465 1145 1545 1152 ---
1561 1152 1574 1175 ,
1598 1118 1771 1176 ἀδελφὰ

194 1188 247 1236 δὲ
277 1191 455 1241 τούτοις
486 1187 655 1244 ἐγίνετο
679 1190 787 1244 περί
806 1203 853 1230 τε
878 1186 1115 1242 προβάτων
1138 1184 1211 1228 καὶ
1237 1191 1465 1240 γυναικῶν
1489 1185 1637 1239 γονάς,
1667 1198 1768 1240 quae

194 1257 375 1314 prodigia
399 1257 548 1310 largius
572 1261 836 1309 exponuntur.
874 1256 983 1308 atqui
1010 1253 1180 1294 fabulam
1206 1252 1255 1293 ab
1274 1252 1377 1293 Hdto
1403 1258 1602 1293 narratam
1622 1252 1768 1293 haben-

197 1322 288 1366 dam
318 1335 407 1364 esse
438 1335 511 1376 pro
543 1321 724 1375 exemplo
754 1322 1009 1374 perspicuum
1036 1325 1108 1360 est.
1146 1331 1237 1359 nam
1263 1323 1466 1358 auctorem
1490 1317 1652 1370 quidem
1677 1316 1768 1356 Dio-

194 1390 335 1444 nysius
365 1389 517 1442 profert
547 1387 753 1441 Myrsilum
784 1385 973 1427 Lesbium
1005 1380 1096 1440 (qui
1126 1385 1231 1424 circa
1264 1396 1411 1424 annum
1443 1395 1477 1423 a.
1502 1383 1593 1423 Chr.
1619 1395 1658 1423 ιι.
1679 1379 1768 1422 250

195 1451 401 1511 nonum
426 1453 533 1495 unde
559 1452 689 1494 elucet
711 1464 791 1492 non
810 1453 888 1492 iam
908 1450 1157 1491 Hellanicum
1177 1461 1264 1490 eam
1284 1448 1455 1489 rabulam
1475 1443 1769 1503 exhibuisse²);

195 1532 327 1574 neque
358 1520 488 1573 potuit
519 1518 719 1570 exhihere,
750 1516 856 1571 quod
882 1516 1067 1569 Myrsilus
1097 1516 1252 1568 primus
1283 1520 1420 1555 contra
1451 1514 1645 1554 Hellanici
1678 1525 1768 1554 sen·

198 1581 402 1640 tentiam⁸)
433 1584 662 1637 Tyrrhenos
682 1583 778 1623 lecit
803 1595 850 1623 ex
877 1581 987 1622 ltalia
1006 1582 1222 1633 migrantes
1242 1582 1283 1620 in
1303 1579 1521 1631 Graeciam,
1545 1579 1615 1620 ubi
1634 1579 1769 1620 Pelar·

196 1662 339 1704 gornm
370 1661 513 1691 nomen
546 1644 823 1703 acciperent-⁴)
867 1659 1018 1700 aequus
1051 1647 1173 1698 igitur
1202 1651 1287 1686 erat
1318 1645 1552 1686 calamitatis
1583 1646 1768 1686 effectus:

197 1714 351 1768 Pelasgi
375 1716 531 1768 priores
557 1727 651 1755 suos
677 1715 777 1754 lines
802 1715 1006 1764 amittunt3
1031 1719 1071 1752 et
1097 1724 1170 1752 cur
1195 1711 1455 1751 detestatione
1485 1710 1676 1764 implicati
1708 1722 1768 1750 es·

197 1787 299 1834 sent,
324 1793 416 1822 cum
436 1792 634 1834 exponere
660 1778 825 1820 deberet
848 1779 1036 1831 scriptor:
1062 1783 1106 1817 ut
1128 1777 1264 1818 Lemni
1290 1776 1443 1817 incolae
1469 1778 1576 1816 noxii
1601 1782 1692 1817 sunt
1718 1775 1768 1816 oh

197 1858 363 1888 snorum
403 1845 575 1886 filiorum
613 1844 794 1897 caedem,
836 1845 891 1885 ita
924 1843 1121 1896 Tyrrheni
1156 1842 1302 1883 debent
1336 1842 1417 1882 lovi
1451 1848 1491 1882 et
1524 1841 1695 1895 Apollini
1729 1847 1771 1882 et

198 1906 390 1967 Cabtns‘)
416 1912 632 1965 ¹primitius
669 1911 790 1951 etiam
821 1909 1057 1950 liberorum:
1089 1898 1285 1961 quomodo
1317 1909 1542 1948 instituitur
1572 1907 1669 1948 illud
1700 1919 1770 1947 ver

199 1988 370 2019 suanm.
408 1977 541 2029 itaque
559 1975 745 2029 Myrsilus
770 1977 942 2028 scriptor
961 1974 1215 2015 Lemniorum
1242 1974 1373 2013 affinis
1399 1974 1569 2026 sumpsit
1593 1973 1633 2013 id
1654 1985 1769 2025 argu·

196 2047 375 2084 mentum
401 2041 450 2083 ad
475 2054 615 2083 novam
640 2053 752 2082 suam
778 2041 1047 2082 coniecturam
1074 2035 1363 2094 fulciendam.⁶)

260 2159 293 2203 1)
317 2167 415 2202 quse
439 2157 598 2192 narratio
619 2156 698 2192 sine
717 2155 832 2192 dubio
851 2155 983 2192 hausta.
1002 2158 1057 2190 est
1075 2166 1119 2190 ex
1138 2154 1308 2190 Hecataei
1330 2154 1452 2189 libris:
1479 2154 1523 2189 cf.
1545 2154 1609 2189 Ed.
1630 2153 1767 2198 Meyeri

195 2210 377 2256 inquisita.
396 2210 444 2247 ud
463 2213 534 2246 vet.
554 2210 638 2246 hist.
658 2212 764 2255 pertz.
784 2209 854 2245 vol.
875 2208 889 2244 1
909 2221 945 2254 p.
966 2211 1000 2251 8,
1022 2213 1077 2245 18.

255 2265 293 2309 2)
318 2264 496 2310 quoniam
523 2263 723 2308 Dionysius
754 2273 830 2308 qus
861 2265 916 2298 est
946 2262 985 2298 in
1016 2262 1229 2298 nominibus
1255 2262 1411 2297 citandis
1438 2260 1642 2306 diligentia,
1673 2263 1769 2296 certe

195 2328 271 2355 non
294 2327 381 2353 eum
405 2317 599 2354 omisisset.

258 2372 294 2415 8>
319 2370 427 2407 Dion.
447 2370 527 2407 Hal.
548 2371 564 2407 1
584 2374 647 2407 28:
673 2370 720 2407 τὰ
746 2370 904 2416 ἔμπαλιν
928 2367 1236 2416 ἀποφαινόμνος
1256 2367 1469 2415 Ἑλλανίκῳ.

259 2426 295 2469 4)
314 2423 361 2460 de
379 2424 520 2460 ratione
540 2424 635 2460 inter
653 2424 835 2469 Tyrsenos
854 2426 890 2459 et
909 2423 1082 2470 Pelasgos
1102 2423 1356 2459 constituenda
1375 2422 1505 2466 delego
1524 2422 1571 2456 ad
1592 2421 1630 2456 E.
1646 2421 1769 2465 Meyer

198 2477 236 2521 (l.
250 2476 274 2513 l.
289 2480 325 2513 et
342 2477 455 2523 antiq.
470 2477 553 2514 hist.
571 2477 583 2513 l
603 2481 624 2512 2
637 2478 652 2498 ¹
672 2481 763 2513 1⁹0⁹
777 2489 813 2523 p.
829 2479 910 2521 385)
931 2479 967 2512 et
984 2476 1276 2512 Milller-Deecke
1296 2475 1484 2520 (Etrusker
1503 2474 1515 2509 l
1538 2477 1660 2518 71⁸⁸).
1699 2474 1769 2509 hoc

201 2541 315 2566 unum
341 2540 602 2567 commemoro:
629 2531 859 2576 Sophoclem,
889 2531 918 2565 ai
946 2530 1114 2565 exhibuit
1138 2530 1190 2575 (in
1217 2530 1350 2565 Inacho
1376 2530 1538 2564 dramate
1565 2529 1606 2564 fr.
1627 2531 1708 2569 248.
1736 2532 1768 2569 4,

202 2583 246 2620 d.
267 2582 374 2619 Dion.
388 2582 498 2620 Eski
518 2586 595 2629 2⁶):
615 2585 679 2620 nal
703 2587 927 2629 Τυρσηνοῖσι
948 2585 1164 2630 Πελασγοῖς,
1190 2595 1262 2618 non
1283 2594 1430 2628 prorsus
1450 2582 1643 2617 dissentire
1663 2587 1767 2627 potu-

200 2636 272 2673 isse
297 2636 344 2672 sb
370 2635 458 2672 Hdti
484 2638 672 2673 autentis.

263 2691 299 2735 δ)
324 2689 389 2735 qui
416 2690 454 2725 in
479 2689 656 2726 Lemnum
685 2690 841 2726 insulam
868 2690 1040 2737 delegant
1065 2695 1105 2726 ut
1130 2691 1253 2726 sedem
1280 2690 1564 2725 celeberrimam.

261 2745 297 2789 0)
321 2754 388 2779 nec
413 2743 548 2779 mirum
569 2747 634 2786 est,
660 2744 758 2789 quod
779 2744 925 2779 devotio
946 2744 1100 2790 simplex
1122 2748 1295 2780 exornata
1314 2747 1369 2779 est
1388 2742 1767 2789 magnificentissime:

201 2796 240 2833 id
265 2796 419 2832 debetur
442 2797 552 2834 &etuti
573 2798 763 2843 posteriori
784 2801 819 2833 et
838 2797 1015 2833 rhetorice
1036 2798 1201 2833 infectae.
1241 2798 1351 2833 robur
1370 2797 1468 2831 enim
1489 2796 1769 2841 significationis

200 2861 268 2896 pu
298 2852 364 2893 est.
396 2861 527 2896 nempe
559 2852 675 2887 terrae
707 2851 898 2887 universae
925 2852 979 2886 vis
1006 2851 1128 2887 vitalis
1160 2851 1426 2896 pessumdatur.
1473 2854 1582 2894 atque
1615 2848 1635 2885 ό
1659 2848 1770 2889 θεός

201 2902 266 2949 qui
293 2903 482 2940 invocatur
507 2906 693 2949 patronus,
724 2905 790 2940 etsi
820 2915 891 2939 non
919 2904 1052 2940 diserte
1078 2904 1299 2943 nominatur.
1331 2909 1426 2939 certe
1452 2908 1506 2938 est
1535 2903 1676 2948 Apollo,
1710 2902 1767 2936 cui

1438 2963 1482 2997 80
