2106 3320
864 176 1193 219 —117—

232 307 262 339 a
283 294 444 349 myas
462 297 680 338 instructas
702 303 743 337 et
765 309 787 337 a
807 296 969 338 Graecis
995 303 1176 351 receptas
1201 309 1291 339 esse
1310 300 1534 339 narravisse
1566 299 1649 350 (vn
1672 297 1758 340 170
1777 306 1818 340 et

227 354 499 417 189Tp1nsis
523 362 702 402 interest.
734 363 880 403 mirum
906 364 1135 403 enimsane
1161 368 1234 415 est,
1259 363 1365 416 quod
1385 363 1529 417 Libyes
1554 366 1642 418 ipsi,
1668 365 1814 418 quibus

233 427 386 482 quippe
408 428 645 481 peregrinis,
670 429 749 468 nisi
774 427 939 468 Barcam
964 425 1020 483 (v.
1041 426 1148 483 727)
1174 441 1196 469 a
1216 429 1430 482 Cyrenaeis
1455 429 1654 471 conditam
1681 442 1815 472 recor·

229 491 425 535 >dmm
453 492 617 533 Dorium
643 492 762 546 idque
795 492 1196 535 Lacedaemoniorum
1231 495 1355 536 ruisse
1385 493 1637 551 coloniam²)‚
1662 495 1813 538 aditum

233 557 287 600 ad
303 557 443 612 Pythia
467 560 686 599 certamina
712 571 792 599 non
812 558 1137 611 concederemus,
1162 561 1407 612 ζυγωτῶν
1431 558 1678 615 ἁρμάτων
1703 559 1812 603 ἐπι-

234 621 420 666 στάται
440 625 726 665 eminentiores
746 625 846 665 fiunt
864 630 909 665 ut
930 624 1078 678 duplici
1093 638 1259 666 numero
1278 626 1431 667 inducti
1452 633 1492 668 et
1510 629 1660 680 primas
1679 634 1814 681 partes

230 690 280 732 in
295 701 487 732 curruum
507 690 693 731 conflictu
714 697 877 743 agentes
895 693 1075 744 quamvis
1095 688 1324 745 insontes.²)
1349 704 1445 744 ergo
1464 692 1680 746 Sophocles
1698 699 1744 734 ut
1762 694 1809 734 ad

233 753 397 798 nometi
415 755 640 808 exemplum
660 753 723 810 (11.
745 753 889 796 3128?
899 754 973 810 ss.)
993 762 1119 797 totum
1140 757 1383 798 curriculum
1405 759 1529 810 finxit,
1554 759 1607 798 ita
1628 758 1677 799 ad
1702 770 1812 799 scae-

233 832 327 863 nam
352 820 620 862 exornandam
654 822 758 875 sapit
783 834 829 862 ex
856 821 949 862 Hdti
976 822 1271 863 narrationibus
1296 835 1426 876 neque
1452 823 1639 864 abhorret
1664 836 1686 864 a
1711 830 1811 865 tem·

233 898 377 941 porum
402 886 717 940 perturbatione,
742 899 860 940 quam
887 887 936 928 de
962 889 1061 940 ipsis
1087 888 1239 941 pythiis
1264 902 1298 928 a.
1317 885 1406 930 582
1431 888 1591 929 demum
1617 891 1811 930 coustitu-

233 952 288 994 ὼ
311 953 512 1005 vituperat
536 952 770 993 Aristoteles
794 949 864 1007 (de
890 958 976 993 arte
1001 959 1106 1006 poet.
1132 950 1223 1008 24).

293 1017 399 1059 Satis
424 1017 547 1059 multa
574 1017 622 1058 de
648 1019 708 1058 eis
732 1017 854 1058 rebus
880 1020 1069 1059 externis.
1105 1018 1340 1059 Wittekindi
1366 1026 1497 1060 autem
1520 1019 1811 1062 dissertationis

233 1094 392 1125 summa
417 1089 480 1124 est
502 1084 722 1137 inquisitio,
746 1090 791 1124 ut
817 1083 976 1136 colligat
1000 1086 1164 1137 vestigia
1190 1084 1306 1136 iadis,
1331 1083 1448 1138 ‘quae
1473 1092 1518 1125 ut
1542 1085 1647 1138 apud
1672 1098 1811 1127 omnes

230 1149 405 1202 tragicos
435 1155 572 1202 poetas
605 1155 773 1201 exstant,
803 1150 858 1189 ita
884 1149 1054 1202 plurima
1080 1149 1184 1203 apud
1210 1150 1457 1203 Sophoclem.
1493 1156 1555 1191 est
1578 1151 1656 1203 hic,
1686 1157 1733 1192 ut
1755 1152 1809 1192 ita

231 1213 376 1268 dicam,
399 1214 674 1255 Ionicissimus
698 1211 929 1267 poetarum’
952 1211 1009 1269 (p.
1031 1211 1090 1270 7).
1125 1215 1230 1256 haud
1255 1215 1416 1268 quidem
1443 1215 1509 1256 ille
1536 1218 1692 1268 ignorat
1716 1229 1810 1257 con·

229 1279 443 1322 suetudine
462 1278 630 1333 quadam
658 1285 698 1320 et
715 1281 888 1320 amicitia
908 1280 1142 1333 Sophoclem
1163 1293 1254 1321 cum
1275 1281 1377 1321 Hdto
1397 1282 1519 1322 fuisse
1540 1284 1809 1335 coniunctum,

230 1350 366 1387 tmen
391 1345 507 1397 longe
533 1344 658 1397 abest,
682 1354 727 1385 ut
753 1345 889 1386 credat
914 1358 998 1386 eam
1027 1358 1111 1386 rem
1138 1346 1212 1386 bac
1237 1348 1278 1386 in
1304 1348 1536 1400 quaestione
1557 1347 1807 1389 diiudicanda

229 1422 418 1464 magnum
450 1410 605 1464 pondus
629 1410 795 1464 habere3
827 1413 960 1464 potius
994 1424 1041 1451 ex
1069 1411 1322 1452 Homerico
1348 1425 1423 1452 usu
1450 1412 1554 1453 haud
1580 1426 1703 1466 pauca
1729 1419 1808 1454 tra-

230 1477 365 1530 gicum
385 1478 426 1517 in
452 1488 522 1517 sua
550 1478 724 1517 carmina
752 1476 1022 1517 transtulisse:
1055 1475 1249 1518 ‘lonicum
1275 1484 1406 1518 autem
1432 1484 1472 1518 et
1497 1480 1697 1531 poeticum
1724 1492 1808 1520 ser-

230 1554 390 1583 monem
421 1543 486 1583 hic
517 1542 599 1582 illic
624 1549 708 1582 arte
734 1542 949 1583 cohaerere
976 1544 1121 1583 mirum
1148 1556 1227 1583 uon
1253 1549 1326 1596 est,
1357 1556 1448 1584 cum
1477 1543 1668 1585 dialectus
1693 1544 1759 1585 illa
1786 1558 1806 1585 a

229 1609 362 1662 poetis
392 1610 520 1661 prima
551 1607 655 1649 culta
688 1609 739 1648 sit
771 1614 812 1648 et
843 1607 1075 1648 exercitata'
1101 1605 1160 1663 (p.
1189 1606 1246 1662 7).
1286 1616 1596 1650 consentaneum
1629 1611 1807 1663 profecto

228 1679 303 1726 est,
322 1675 357 1714 si
377 1679 491 1727 poeta
505 1674 546 1714 in
560 1675 790 1714 nuntiorum
805 1675 1019 1726 praecipue
1033 1674 1328 1715 narrationibus
1342 1676 1455 1727 epico
1469 1677 1597 1715 utitur
1610 1688 1806 1716 sermone.

229 1739 428 1792 imprimis
442 1745 580 1779 autem
600 1740 642 1779 in
662 1751 826 1779 censum
847 1740 983 1779 venire
1003 1740 1101 1780 mihi
1120 1739 1305 1780 videntur
1325 1753 1370 1780 ea
1384 1740 1584 1793 vocabula,
1604 1742 1645 1781 in
1660 1741 1807 1794 quibus

228 1803 370 1845 abusio
396 1805 450 1856 lit⁷
476 1817 567 1845 cum
587 1801 847 1859 Sophocles⁸)
872 1806 926 1845 ita
946 1810 1082 1845 utatur
1106 1805 1343 1858 quibusdam
1370 1806 1544 1858 vocibus,
1571 1813 1613 1847 ut
1634 1819 1707 1860 per
1725 1820 1806 1847 me-

229 1869 435 1923 taphoram
454 1870 692 1922 significatio
718 1870 797 1922 fiat,
823 1882 924 1923 quae
950 1883 971 1910 a
998 1872 1185 1923 primaria
1206 1872 1407 1911 notatione
1433 1871 1559 1911 aliena
1585 1873 1648 1911 sit.
1705 1884 1805 1925 quae

228 1935 336 1976 inter
367 1934 545 1989 exempla
578 1935 709 1976 iudico
740 1935 835 1976 hnic
860 1936 1110 1989 Inquisitioni
1136 1937 1384 1988 gravissima:
1417 1936 1702 1989 συμβόλαιον,
1741 1939 1806 1978 cui

228 2002 316 2041 voci
347 2000 452 2054 apud
477 2002 628 2042 Atticos
660 2002 768 2042 notio
801 2007 862 2042 est
882 1997 1073 2054 ‘pactum,
1105 1997 1415 2054 commercium’,
1447 2002 1565 2055 Soph.
1592 2002 1690 2043 Phil.
1718 2000 1806 2043 884

229 2065 390 2109 adhibet
414 2079 488 2121 pro
512 2065 743 2120 σύμβολον
767 2064 878 2107 ‘ndu
898 2068 1086 2107 nimirum
1107 2069 1340 2108 auctoritate
1361 2065 1664 2124 commotus’⁴);
1690 2069 1805 2108 item-

227 2144 308 2187 que
332 2134 441 2173 notio
466 2131 576 2173 verbi
602 2131 848 2186 πρόσχημα,
873 2145 975 2185 quae
995 2132 1229 2186 plerumque
1250 2139 1311 2173 est
1329 2133 1552 2186 πρόφασις
1570 2131 1806 2186 ὑπόκρισις

288 2285 325 2330 1)
350 2284 538 2329 quomodo
557 2283 688 2319 Knibel
715 2283 807 2318 duas
833 2283 960 2318 decem
986 2283 1279 2319 adversariorum
1305 2287 1425 2329 partes
1451 2284 1642 2329 aptissime
1669 2285 1805 2320 disere·

226 2336 297 2379 vit;
322 2337 453 2373 eodem
473 2337 586 2373 modo
611 2336 684 2372 sibi
708 2336 948 2383 opposuerim
973 2337 1182 2372 Aenianum
1209 2341 1245 2372 et
1270 2337 1447 2373 Bamaeos
1474 2339 1521 2382 (v.
1544 2341 1710 2380 724-7),
1737 2339 1804 2374 Ar·

227 2389 357 2436 givmn
381 2392 419 2426 et
443 2390 706 2427 Atheniensem
731 2393 779 2436 (v.
802 2393 967 2436 731-6).

289 2445 325 2488 2)
350 2444 550 2490 quadrigas
575 2446 699 2480 antem
724 2455 792 2480 nec
817 2444 923 2490 bigas
950 2447 1156 2480 coneermre
1180 2447 1236 2489 (ut
1261 2445 1300 2480 in
1327 2445 1465 2480 scholio
1491 2446 1537 2480 ad
1565 2457 1597 2481 v.
1626 2448 1694 2480 702
1720 2443 1804 2483 οἷον

228 2496 389 2543 &teir-9
413 2497 438 2534 i.
463 2508 494 2534 e.
521 2497 667 2534 duobus
689 2498 789 2544 iugis
809 2498 956 2541 iunctis,
982 2497 1208 2534 Schneidew.
1229 2499 1372 2534 emend.
1393 2510 1459 2543 pro
1479 2499 1625 2544 ἀζύγων
1643 2499 1804 2544 pessime

228 2549 376 2595 trudito)
400 2553 528 2588 conus.
543 2550 796 2588 Hermannum
823 2546 1024 2587 certissime
1050 2551 1265 2598 comprobat
1283 2551 1449 2587 Wunder
1473 2553 1521 2587 ad
1541 2564 1574 2588 v.
1598 2556 1665 2587 708
1677 2565 1703 2589 s.
1730 2553 1802 2598 (ed.

228 2603 272 2640 IL
300 2606 418 2649 ιω).

289 2659 324 2702 8)
352 2657 442 2703 ‘qno
466 2668 574 2695 nemo
600 2659 639 2695 in
665 2658 999 2705 significationibus
1023 2660 1212 2695 mutandis
1232 2660 1289 2695 vel
1310 2660 1488 2695 novandis
1509 2660 1684 2696 audacior
1703 2660 1803 2702 suit',

228 2712 269 2747 ut
287 2710 477 2756 profitetur
493 2710 532 2748 L.
551 2710 701 2759 Kugler,
722 2713 767 2748 de
787 2712 978 2758 Sophoclis
998 2723 1093 2758 quse
1113 2716 1289 2749 vocantur
1308 2713 1562 2756 abusionibus,
1588 2714 1675 2749 diss.
1699 2717 1802 2749 1905.

287 2765 326 2809 4)
349 2764 488 2812 Kugter
518 2776 556 2812 p.
584 2769 641 2808 10,
677 2765 884 2802 witukind
916 2777 951 2811 p.
972 2769 1018 2800 22
1033 2778 1080 2810 s.;
1112 2766 1198 2803 Hdt.
1231 2766 1263 2802 V
1289 2770 1388 2812 ⁹²⁷1³
1421 2767 1553 2803 πιστὸν
1585 2766 1655 2813 γάρ
1687 2765 1723 2803 ol
1755 2762 1804 2812 ἦν

227 2816 469 2865 συμβόλαιον,
501 2818 614 2856 etism
645 2819 771 2866 Eut-ip.
798 2819 873 2855 lon.
900 2823 986 2855 411:
1025 2819 1049 2855 ἅ
1080 2832 1120 2857 ts
1151 2822 1229 2869 νῷν
1260 2820 1467 2868 συμβόλαια
1497 2819 1667 2865 πρόσθεν
1692 2815 1739 2865 ἦν
1765 2820 1803 2862 ἐς

227 2872 349 2908 :cuc
379 2872 446 2908 sou
476 2871 558 2915 osv,
589 2883 684 2916 quse
714 2873 907 2918 tragoedis
937 2873 1016 2908 sins
1048 2873 1164 2910 dnbio
1194 2875 1390 2910 antecessit
1414 2874 1653 2910 Philoctetam
1678 2885 1710 2910 s..
1733 2877 1802 2909 ⁴0⁹
