2106 3320
940 165 1267 207 -110—

318 286 491 338 Hesychi
518 299 539 325 e
566 286 771 338 Sophoclis
797 286 1044 325 Pastoribus:
1071 285 1326 339 φοινικίοις·
1355 286 1592 340 γράμμασι,
1621 300 1695 327 nec
1721 289 1884 327 coniun-

317 354 447 403 gimus
473 351 686 391 frustulum
713 353 905 403 tragicum
933 364 1023 391 cum
1050 351 1320 403 glossographi
1346 354 1685 405 interpretatione,
1714 352 1754 392 id
1781 352 1885 405 quod

315 417 504 469 probatur
519 416 649 456 verbis
670 416 983 468 insequentibus,
1005 416 1149 468 quibus
1170 429 1248 456 non
1268 419 1420 469 proprii
1440 419 1597 469 generis
1613 419 1887 470 significentur

317 482 484 533 litterae,
512 481 582 520 sed
608 482 791 521 omnibus
818 483 1060 521 notissimae.

378 546 634 598 Nequaquam
661 546 790 586 obstat
816 547 993 586 scholion
1014 547 1062 586 ad
1082 547 1174 587 Eur.
1195 547 1260 587 Or.
1281 546 1380 599 432,
1406 548 1475 588 ubi
1495 548 1667 589 editores
1688 548 1886 589 scribunt:

317 610 586 663 Παλαμήδης
608 634 651 639 --
672 610 730 651 τὰ
764 612 1008 664 φοινίκια
1040 610 1255 661 διδάξας
1287 612 1558 666 γράμματα
1591 612 1752 662 αὐτοὺς
1784 615 1887 667 ἴσην

315 690 359 716 τε
374 673 444 715 καὶ
461 673 756 728 ἀνεπίληπτον
779 675 860 728 τὴν
887 675 1106 729 διανομὴν
1125 673 1292 732 (sexos)
1307 674 1453 732 σίτου)
1475 675 1524 719 ἐν
1538 677 1710 727 τούτοις
1730 675 1886 733 ἐπραγ-

313 738 574 794 ματεύσατο,
608 753 697 780 cum
725 741 836 780 codd.
864 741 1033 781 babeant
1064 748 1235 783 tantum:
1265 766 1309 772 —
1338 742 1397 784 τὰ
1430 742 1674 796 φοινίκια
1707 742 1886 794 διδάξας

314 801 420 858 ἦγεν
440 803 590 853 αὐτοῖς
612 807 712 858 ἴσην
731 829 776 834 -—-
799 803 848 860 (T
863 804 912 861 B)
935 808 1016 847 sive
1037 807 1089 848 τὰ
1109 822 1227 860 φοιν.
1249 807 1332 849 διδ.
1355 811 1455 862 ἴσην
1475 806 1626 857 αὐτοῖς
1644 832 1691 838 -
1711 806 1768 864 (Μ
1785 806 1886 863 A).¹)

316 884 553 924 quamquam
579 872 725 911 mirum
752 884 845 911 sane
866 877 938 924 est,
965 873 1069 925 quod
1090 874 1164 912 ista
1183 886 1268 926 vox,
1295 886 1395 926 quae
1416 876 1521 913 inter
1539 874 1690 914 Atticos
1711 879 1750 914 et
1768 875 1888 926 tragi-

316 950 382 977 cos
409 938 569 988 propria
595 936 718 976 fuisse
745 937 900 977 videtur
927 938 1144 990 Sophoclis,
1176 939 1250 978 hac
1276 952 1432 991 quoque
1459 941 1500 979 in
1526 940 1630 979 fama
1655 941 1742 980 sine
1769 939 1888 980 dubio

314 1004 434 1054 petita
471 1014 518 1041 ex
553 1002 682 1053 aliqua
717 1002 918 1054 tragoedia
954 1009 1181 1055 usurpatur.
1227 1004 1297 1044 sed
1330 1006 1515 1057 quoniam
1547 1004 1749 1058 Euripidis
1779 1005 1888 1045 Pala·

314 1067 470 1107 medem
497 1072 604 1106 certe
631 1080 710 1106 non
737 1080 824 1107 esse
851 1070 1095 1121 suppositam
1123 1069 1253 1109 elucet
1278 1083 1298 1109 e
1320 1070 1410 1122 fgm.
1431 1066 1575 1125 5782),
1602 1070 1698 1123 quid
1717 1071 1752 1110 si
1770 1069 1889 1111 huius

315 1134 539 1184 argumenti
566 1133 712 1172 fontem
739 1134 862 1173 fuisse
889 1146 1098 1174 censemus
1125 1135 1389 1187 Sophoclem?
1427 1136 1531 1176 haud
1556 1137 1734 1189 profecto
1759 1142 1890 1190 potest

316 1197 534 1238 contradici
566 1210 587 1237 a
620 1198 829 1238 scholiasta
862 1199 998 1239 sedem
1028 1202 1171 1240 artium
1199 1213 1219 1240 a
1244 1201 1451 1241 Palamede
1477 1203 1728 1242 inventarum
1755 1203 1890 1242 afferri

314 1263 464 1315 Aulida,
491 1276 581 1303 cum
608 1263 854 1316 Eustathius,
887 1266 955 1316 qui
982 1265 1206 1306 exhibuerit
1249 1266 1469 1306 Palamedis
1495 1269 1620 1320 ipsius
1648 1267 1889 1320 Sophocleae

316 1341 454 1368 versus
487 1325 551 1382 (=
574 1329 665 1380 sgm.
686 1326 812 1384 438),
849 1330 987 1382 prodat
1020 1327 1089 1385 (ad
1113 1332 1156 1371 Il.
1183 1331 1212 1370 B
1239 1329 1324 1371 308
1351 1345 1388 1384 p.
1410 1329 1551 1387 2280:
1590 1331 1890 1386 Παλαμήδους

318 1391 668 1446 ἐπινοησαμένου
703 1395 887 1447 κυβείαν
921 1394 994 1436 καὶ
1028 1397 1231 1437 πεττείαν
1263 1393 1319 1436 ἐν
1344 1393 1477 1453 Ἰλίῳ
1510 1397 1571 1446 εἰς
1602 1396 1888 1451 παραμύθιον

315 1460 447 1513 λιμοῦ
485 1459 779 1512 κατασχόντος
816 1459 898 1513 τὴν
935 1460 1147 1515 στρατιὰν
1185 1461 1314 1511 maog
1353 1459 1445 1503 ἐκεῖ
1481 1459 1727 1516 ἐδείκνυτο,
1770 1461 1890 1504 καθὰ

316 1521 534 1576 Πολέμων
563 1523 740 1579 ἱστορεῖ,
774 1521 841 1578 ἐφ’
873 1521 927 1566 οὗ
961 1524 1212 1567 ἐπέσσευον.
1250 1541 1380 1581 neque
1414 1530 1521 1568 enim
1552 1541 1631 1568 una
1662 1528 1779 1569 modo
1811 1534 1888 1584 tra-¹

315 1590 451 1642 goedia
497 1590 710 1642 Sophocles
753 1592 854 1631 hanc
900 1592 1071 1632 fabulam
1115 1595 1314 1648 tractavit3
1354 1607 1494 1647 quare,
1532 1607 1622 1634 cum
1660 1594 1890 1634 Eustathius

317 1655 563 1695 advocaverit
607 1654 751 1710 δρᾶμα
795 1654 1034 1710 ὁμώνυμον
1077 1662 1136 1713 τῷ
1181 1656 1335 1714 εὑρετῇ
1381 1656 1699 1715 Παλαμήδῃῧ),Χ
1721 1659 1791 1700 ubi
1827 1672 1888 1699 re-

317 1733 407 1761 vera
434 1721 531 1760 Ilion
560 1722 768 1762 exhibetur
799 1736 832 1762 v,
866 1721 910 1763 3:
944 1722 1163 1776 φλοίσβου
1195 1723 1302 1777 μετὰ
1333 1724 1474 1765 κόπον
1505 1721 1724 1779 (Salamas,
1749 1723 1891 1777 κοπὴν

317 1783 448 1840 codd.)
481 1784 751 1839 καθημένοις
777 1790 800 1828 i.
828 1801 860 1828 e.
887 1794 977 1840 post
1002 1789 1146 1840 proelii
1177 1790 1448 1841 fatigationem
1480 1792 1562 1830 sive
1583 1790 1803 1830 molestiam
1825 1795 1891 1830 aut

317 1852 495 1903 caedem,
529 1858 664 1892 contra
690 1853 809 1893 huius
842 1854 982 1893 scholii
1014 1854 1227 1907 exemplar,
1259 1868 1336 1907 quo
1369 1854 1571 1895 inducitur
1602 1855 1794 1908 Nauplius
1825 1867 1890 1895 res

317 1922 501 1968 repetens
541 1930 562 1957 a
600 1917 671 1957 filii
704 1919 1037 1971 interfectoribus,
1077 1920 1349 1972 accipiendum
1395 1926 1455 1960 est
1493 1919 1727 1969 Ναύπλιος
1763 1934 1889 1961 κατα-

314 1979 522 2036 πλέων4);
557 1988 597 2022 et
627 1985 813 2035 quoniam
845 1984 907 2023 Ilii
939 1986 1260 2025 commemoratio
1292 1986 1583 2038 antiquioribus
1617 1986 1752 2027 deberi
1790 1991 1889 2026 tem·

315 2047 497 2099 poribus,
534 2048 687 2088 Aulidis
727 2062 747 2088 a
781 2050 972 2101 Sophocle
1009 2050 1167 2090 demum
1200 2051 1290 2090 ficta
1322 2063 1408 2090 esse
1435 2051 1608 2104 videtur,
1640 2051 1890 2091 Palamedem

317 2112 574 2164 Sophocleam
613 2126 797 2154 censeam
835 2114 1001 2167 Nauplio
1039 2117 1306 2168 vetustiorem,
1340 2121 1447 2156 certe
1485 2129 1563 2156 non
1602 2116 1781 2156 eiusdem
1819 2117 1889 2156 tri-

316 2179 442 2230 logiae
480 2179 608 2218 vinclo
649 2181 910 2220 coniunctam.
951 2180 1020 2220 sed
1059 2186 1215 2220 exstant
1246 2181 1320 2221 alia
1346 2194 1501 2234 quoque
1528 2187 1771 2234 argumenta,
1804 2183 1889 2234 qui-

316 2243 390 2283 bus
441 2244 538 2283 illud
588 2245 766 2284 scholion
816 2251 1042 2298 repetamus
1082 2260 1102 2286 e
1141 2246 1341 2298 tragoedia
1380 2260 1425 2287 ea
1463 2243 1718 2302 Sophoclis.⁵)
1780 2260 1888 2287 nam-

378 2372 411 2413 1)
437 2369 634 2415 γροὶμματα
658 2371 773 2416 igitur
797 2373 1019 2407 vocabulum
1045 2373 1136 2408 falso
1164 2374 1375 2418 suppletum
1400 2375 1464 2409 est.

377 2425 411 2468 2)
438 2423 639 2468 Aeschylus
665 2425 869 2460 litterarum
895 2426 1147 2462 inventionem
1165 2427 1409 2472 adscripserat
1427 2427 1644 2463 Prometheo
1666 2428 1797 2473 (Prom.
1820 2431 1888 2462 476

317 2477 359 2511 cf.
381 2477 492 2512 schol.
514 2478 666 2522 Dionys.
688 2479 772 2514 Thr.
794 2491 829 2523 p.
853 2483 953 2526 18312
976 2480 1100 2527 Hilg.).

378 2532 411 2574 3)
438 2542 664 2575 quamquam
696 2533 796 2567 haud
828 2533 907 2568 iure
938 2534 1006 2568 hoc
1038 2535 1077 2568 in
1110 2534 1265 2569 dubium
1298 2536 1467 2570 vocatum
1500 2537 1554 2570 est
1585 2546 1607 2569 a
1637 2534 1821 2569 Brunckio
1854 2537 1891 2569 et

318 2583 508 2618 Dindorfio
535 2585 596 2629 (ad
615 2585 656 2619 fr.
680 2587 774 2630 380),
807 2587 906 2630 quod
938 2587 1032 2621 nihil
1065 2590 1213 2622 censent
1237 2590 1312 2622 tam
1338 2590 1506 2633 apertum
1532 2600 1644 2632 quam
1669 2589 1737 2623 hos
1762 2599 1888 2623 versus

320 2637 366 2670 ad
399 2638 553 2672 eandem
579 2638 731 2682 Nauplii
765 2636 871 2685 ῥῆσιν
901 2641 1094 2684 pertinere,
1128 2641 1232 2676 cuius
1264 2652 1347 2686 pars
1373 2642 1419 2676 ab
1447 2642 1589 2677 Achille
1616 2642 1722 2677 Tatio
1749 2643 1891 2677 servata

319 2691 501 2733 profertur
526 2692 567 2726 fr.
591 2695 659 2726 379
680 2694 737 2736 (=
759 2696 827 2727 399
847 2693 906 2738 N.)
932 2693 1134 2730 Ναυπλίου
1159 2693 1442 2735 καταπλέοντος.

379 2745 414 2788 4)
440 2755 514 2788 qua
540 2745 584 2779 de
610 2746 801 2790 tragoedia
826 2746 1028 2791 Sophoclea
1055 2748 1202 2783 disserit
1226 2749 1356 2783 Nauck
1375 2748 1468 2783 TGF
1487 2760 1522 2793 p.
1545 2752 1623 2783 223.

379 2799 412 2841 5)
440 2799 539 2841 quod
554 2798 705 2842 quidem
718 2799 800 2843 ipsa
812 2801 926 2844 patris
940 2801 1031 2836 ultio
1046 2801 1194 2837 affertur
1207 2803 1254 2836 ad
1268 2802 1377 2837 finem
1390 2803 1577 2847 perducta,
1591 2802 1745 2837 minime
1758 2802 1888 2844 obstat,

326 2851 523 2893 quominus
539 2851 735 2887 Ναύπλιον
755 2853 1023 2897 καταπλέοντα,
1043 2866 1118 2890 non
1137 2860 1286 2900 πυρκαῆ
1307 2856 1421 2901 (quod
1437 2856 1564 2890 drama
1576 2855 1780 2891 illustratur
1793 2855 1887 2900 Hyg.

320 2903 342 2937 f.
367 2906 448 2949 116)
475 2904 748 2949 intellegamus;
784 2907 822 2940 id
854 2907 1028 2942 facillime
1053 2909 1238 2943 adsertam
1266 2911 1320 2944 est
1345 2921 1388 2944 ex
1413 2909 1591 2944 memoria
1617 2909 1887 2955 mythographi.
