2106 3320
969 157 1264 198 -30—

332 287 472 328 magna
492 277 724 314 auctoritate
739 275 858 314 choro
879 276 1067 316 attributa
1076 273 1127 330 1):
1148 289 1241 329 ergo
1260 279 1365 318 inter
1385 291 1507 319 annos
1527 277 1614 320 435
1628 285 1668 320 et
1680 278 1769 322 430
1786 281 1904 321 Elec·

331 346 433 380 tram
460 340 718 392 Sophocleam
744 342 1000 392 compositam
1028 354 1115 381 esse
1141 354 1297 382 censeo.
1341 348 1425 383 tum
1450 347 1642 397 temporis
1662 345 1755 386 Hdti
1774 346 1903 386 histo-

331 407 412 445 riae
433 405 632 444 conscribi
652 410 758 444 certe
780 411 939 457 coeptae
965 411 1068 458 sunt,
1094 406 1259 447 fortasse
1279 410 1487 448 maximam
1508 414 1659 461 partem
1681 412 1900 452 confectae.

329 476 413 510 tum
432 472 622 522 temporis
641 471 849 522 utriusque
870 472 1042 510 amicitia
1062 473 1103 511 in
1124 485 1322 513 summum
1342 474 1541 526 fastigium
1562 481 1696 516 evecta
1715 482 1811 529 erat,
1837 482 1899 517 et-

330 536 363 574 si
389 535 535 575 Hdtum
569 535 729 575 Thuriis
755 536 968 575 revertisse
999 533 1208 585 Athenas2)
1236 550 1314 578 non
1339 539 1455 591 plane
1481 544 1611 592 potest
1637 541 1902 594 comprobari.

390 600 514 647 Quem
541 613 635 639 vero
662 600 710 640 ad
736 600 855 640 finem
888 601 988 641 hanc
1015 614 1100 641 rem
1131 603 1315 643 omnibus
1342 616 1389 644 ex
1415 605 1596 656 partibus
1629 612 1811 647 accurate
1837 609 1902 647 in·

329 667 483 718 spicere
521 667 650 705 conati
689 678 837 719 sumuS,
876 671 936 706 est
972 671 1016 706 ut
1052 679 1099 706 ex
1139 680 1183 707 eo
1224 668 1631 722 fundamento'qnam
1667 672 1898 712 firmissimo

329 736 576 771 exstruamus
617 731 853 771 aediticium.
903 731 1009 771 unde
1048 738 1179 772 cetera
1217 740 1447 785 argumenta
1485 747 1564 775 non
1601 737 1680 776 iam
1718 736 1898 789 indigent

329 796 554 848 diligentiae
584 803 660 836 tam
688 802 892 836 accuratae
913 798 954 836 in
975 798 1252 838 communibus
1271 799 1491 839 rationibus
1512 801 1769 853 exponendis,
1795 815 1902 854 quae

327 864 442 902 tacite
470 862 611 902 abhinc
637 868 849 914 ponuntur.

384 927 520 967 Potius
547 929 722 967 animum
759 927 1008 967 advertemus
1035 928 1083 967 ad
1115 928 1155 967 id
1187 929 1469 981 inquirendum
1495 935 1541 970 ut
1565 932 1785 982 poterimus
1811 944 1902 972 cer·

328 994 490 1045 tissime,
522 1005 615 1033 num
659 993 764 1045 quod
795 999 1071 1045 argumentum
1103 994 1469 1048 contemplabimur,
1507 996 1720 1048 Sophocles
1757 1009 1899 1037 revera

326 1059 480 1110 primus
516 1058 720 1098 induxerit
754 1060 795 1098 in
834 1059 1004 1098 fabulam
1043 1059 1320 1099 exornandam.
1371 1073 1447 1112 qua
1484 1062 1524 1100 in
1562 1073 1616 1113 re,
1654 1063 1733 1101 nisi
1766 1063 1900 1114 primo

326 1122 467 1163 obtutu
500 1123 713 1175 Sophocles
744 1124 935 1176 probatur
966 1129 1113 1176 auctor,
1152 1137 1197 1164 eo
1230 1125 1481 1178 impedimur,
1521 1126 1624 1178 quod
1660 1126 1900 1179 Sophoclem

324 1194 484 1240 praeter
516 1188 613 1228 alios
649 1191 821 1242 antiquis
854 1189 1098 1229 carminibus
1133 1191 1256 1242 epicis
1291 1192 1423 1230 nisum
1460 1204 1547 1231 esse
1575 1197 1743 1246 constat3
1781 1194 1901 1233 cuius

324 1255 457 1306 magni
484 1267 528 1294 ac
555 1256 684 1306 gravis
712 1256 870 1306 generis
895 1256 1040 1307 poetici
1070 1267 1291 1307 perpaucae
1324 1260 1477 1296 tantum
1510 1257 1700 1309 reliquiae
1727 1262 1898 1298 aetatem

327 1319 514 1371 tulerunt,
541 1321 594 1359 ita
621 1325 663 1359 ut
689 1322 815 1372 ipsam
842 1319 995 1359 fabulae
1014 1320 1220 1359 historiam
1242 1320 1370 1372 quoad
1389 1322 1477 1361 fieri
1495 1327 1627 1374 potest
1653 1335 1900 1375 exponamus

324 1397 489 1424 necesse
516 1386 577 1424 sit.

686 1493 731 1531 B.
764 1493 835 1531 DE
862 1493 1077 1532 PARIDIS
1102 1492 1529 1533 ADULESCENTIA.

386 1574 493 1614 Talis
520 1580 580 1614 est
606 1577 783 1627 quaestio
811 1577 860 1615 de
886 1577 1055 1616 Paridis
1081 1578 1368 1627 adulescentia,
1394 1589 1494 1628 quae
1515 1571 1788 1632 Ἀλεξάνδρῳ
1817 1582 1897 1616 tra-

324 1640 461 1691 goedia
483 1640 698 1692 Sophoclea
723 1641 895 1680 ubertim
923 1646 1007 1681 erat
1033 1641 1219 1693 exposita.
1246 1653 1416 1693 namque
1442 1641 1601 1694 Robert,
1625 1643 1687 1681 vir
1712 1641 1897 1681 doctissi-

325 1718 426 1757 mus,
441 1707 482 1745 in
497 1706 609 1758 libro,
625 1719 742 1758 quem
756 1708 1014 1758 inscripserat
1027 1705 1140 1758 „Bild
1152 1704 1234 1744 und
1248 1704 1370 1745 Lied“
1383 1702 1434 1760 (a.
1454 1703 1564 1747 1881
1580 1719 1644 1760 pp.
1654 1703 1897 1760 233—39),

325 1771 398 1810 hoc
425 1784 580 1823 quoque
609 1771 827 1811 contendit:
855 1771 1007 1811 fabulae
1035 1771 1082 1810 de
1101 1769 1242 1810 Paride
1269 1770 1520 1811 adulescente
1546 1773 1745 1812 narrantis
1770 1772 1895 1811 fuisse

328 1836 475 1875 formas
503 1836 616 1890 duas3
650 1849 817 1888 quarum
844 1837 1006 1876 alteram
1033 1847 1198 1887 eamque
1224 1836 1421 1876 iuniorem
1448 1838 1584 1888 paucis
1610 1842 1763 1877 tantum
1789 1837 1898 1890 frag·

323 1900 497 1940 minibus
523 1903 698 1953 exceptis
725 1914 934 1953 superasse
956 1907 995 1941 et
1013 1900 1246 1940 obscurasse
1266 1902 1451 1952 priorem.
1483 1904 1741 1942 vetustiorem
1759 1907 1895 1942 autem

326 1966 468 2005 samam
495 1967 618 2006 fuisse
645 1978 742 2018 eam,
775 1968 815 2005 in
842 1979 916 2018 qua
942 1965 1138 2018 pastorale
1163 1965 1260 2005 illud
1287 1967 1327 2005 in
1352 1966 1419 2006 Ida
1447 1966 1689 2007 domicilium
1715 1967 1894 2008 nondum

326 2032 434 2083 regia
459 2031 569 2083 prole
597 2030 803 2082 indignum
830 2036 1037 2083 putaretur
1061 2043 1189 2082 neque
1217 2030 1264 2069 ad
1286 2031 1446 2077 infantis
1467 2034 1754 2084 expositionem
1773 2032 1894 2072 redu·

324 2101 493 2148 ceretur,
526 2096 596 2136 sed
629 2109 675 2136 ex
709 2098 909 2136 communi
934 2096 1166 2136 Troicorum
1197 2097 1423 2148 principum
1454 2098 1531 2136 vita
1566 2102 1603 2136 et
1634 2109 1746 2136 more
1784 2097 1890 2148 regis

323 2160 428 2201 tilius
447 2163 572 2214 patris
592 2174 735 2214 pecora
755 2167 938 2214 pasceret
956 2174 1026 2202 sua
1047 2167 1196 2214 sponte.
1225 2167 1362 2202 contra
1381 2161 1552 2202 fabulam
1572 2161 1785 2215 vulgarem,
1812 2174 1889 2215 qua

321 2226 432 2266 Paris
458 2232 620 2279 propter
645 2227 866 2279 periculum
886 2229 1039 2267 instans
1060 2239 1079 2266 a
1101 2226 1319 2267 Cassandra
1338 2227 1586 2279 praedictum
1606 2228 1649 2266 in
1668 2226 1735 2266 lda
1754 2232 1890 2268 monte

325 2296 526 2343 expositus
559 2298 599 2332 et
629 2292 784 2332 adultus
819 2292 977 2332 demum
1008 2293 1226 2344 fingeretur
1257 2293 1494 2345 recognituS,
1527 2292 1651 2332 multo
1684 2297 1775 2344 post
1800 2305 1892 2332 esse

323 2356 538 2396 formatam.
574 2359 641 2409 qui
669 2362 799 2397 autem
827 2357 1080 2397 condiciones
1105 2358 1260 2410 priores
1285 2362 1466 2409 mutaret,
1493 2357 1616 2397 fuisse
1643 2357 1892 2411 Sophoclem,

322 2434 412 2461 cum
439 2423 480 2461 in
504 2435 621 2462 usum
649 2436 765 2462 suum
789 2428 963 2462 verteret
989 2435 1044 2475 ea,
1077 2434 1176 2475 quae
1202 2421 1426 2462 Herodotus
1452 2424 1666 2462 memoriae
1692 2422 1892 2475 prodidis-

320 2492 381 2526 set
407 2486 453 2526 de
481 2486 580 2538 Cyro
609 2488 873 2527 adulescente.

377 2551 450 2590 Cui
482 2554 699 2592 sententiae
733 2553 799 2592 alii
836 2554 911 2592 viri
950 2552 1055 2592 docti
1091 2552 1342 2604 obstiterunt,
1374 2553 1442 2604 qui
1481 2554 1770 2604 antiquissimis
1807 2555 1890 2593 iam

320 2616 563 2668 temporibus
596 2619 635 2656 in
663 2618 904 2658 carminibus
931 2619 1054 2670 epicis
1080 2613 1124 2671 (i.
1151 2629 1183 2657 e.
1212 2619 1252 2657 in
1280 2613 1454 2672 Cypriis)
1485 2616 1739 2670 „vulgarem“
1769 2631 1890 2671 quam

378 2732 412 2773 1)
438 2731 482 2766 cf.
503 2731 604 2774 Muff,
632 2731 818 2767 chorische
839 2731 1004 2767 Technik
1023 2732 1056 2766 d.
1078 2731 1188 2776 Soph.
1207 2743 1243 2776 p.
1267 2735 1351 2774 1253
1377 2743 1444 2767 nec
1470 2733 1696 2776 spernendus
1722 2733 1779 2767 est
1795 2733 1891 2768 ordo

317 2784 590 2828 tragoediarum
622 2785 700 2819 cod.
726 2784 892 2820 Lam-ent.
919 2785 1119 2830 praebitus,
1152 2785 1221 2820 etsi
1247 2785 1432 2830 Antigona
1462 2785 1669 2830 post-posita
1699 2787 1755 2820 est
1779 2785 1887 2821 Aiaci

316 2836 477 2872 Electrae
503 2837 698 2882 Oedipodi,
724 2849 818 2882 quae
843 2838 914 2873 tria
931 2839 1096 2874 dramata
1120 2848 1142 2873 a
1165 2838 1428 2883 posterioribus
1452 2840 1692 2874 tractarentur
1717 2839 1806 2875 sola.

376 2891 410 2935 2)
437 2891 536 2934 quod
560 2890 654 2924 mihi
681 2891 831 2934 quidem
856 2891 922 2925 Ed.
938 2891 1126 2935 Meyerum
1151 2891 1318 2935 sequenti
1345 2892 1474 2927 ducem
1498 2902 1715 2937 persuasum
1741 2894 1806 2928 est.
