2106 3320
906 128 1231 170 —108—

280 250 515 303 Sophoclem
550 251 757 302 proprium
797 249 928 289 locum
964 254 1102 289 tenere
1138 249 1423 302 intellegimus,
1462 263 1553 290 cum
1589 251 1723 291 minus
1761 250 1855 291 velit

278 315 616 368 comprehendere
660 315 838 354 Tiresiae
881 314 1048 366 Magiam
1087 320 1154 354 aut
1192 314 1355 354 deorum
1392 317 1691 368 invocationem,
1735 328 1852 369 quam

278 382 398 420 officii
422 382 667 433 pravitatem,
694 393 770 433 qua
795 379 873 420 fide
898 379 1004 420 laesa
1028 381 1130 432 petit
1154 381 1378 432 imperium.

337 446 421 493 Quo
447 448 556 486 vocis
575 444 730 498 Μάγος
755 458 832 486 usu
858 447 1038 498 inspecto
1065 447 1142 485 iam
1169 447 1386 486 transimus
1411 447 1453 485 in
1479 446 1633 498 singula
1659 447 1777 487 verba
1803 460 1851 488 ex

276 512 370 551 Hdti
395 512 573 552 historiis
600 516 774 565 sumpta3
820 523 1057 563 quamquam
1102 510 1176 550 hoc
1213 512 1394 551 historici
1437 513 1647 564 vestigium
1690 513 1852 554 maioris

275 579 466 617 momenti
498 582 558 617 est
588 577 690 629 ideo,
722 576 827 629 quod
859 589 1028 629 aequum
1059 578 1269 629 utriusque
1302 577 1378 617 loci
1409 577 1708 618 fundamentum
1744 578 1853 618 dedit

276 656 423 683 ansam.
486 648 764 695 argumentum
790 641 962 694 quidem,
990 641 1036 681 de
1064 654 1140 694 quo
1167 643 1331 694 egimus,
1358 644 1454 695 quin
1480 642 1527 683 ab
1552 644 1639 695 ipso
1659 643 1852 695 Sophocle

275 709 429 748 fabulae
454 710 506 748 sit
525 710 735 761 insertum,
760 710 838 748 iam
860 720 880 747 a
899 708 1096 760 principio
1122 709 1185 746 vix
1205 713 1336 760 potest
1355 707 1589 760 addubitari,
1615 710 1735 748 immo
1761 721 1851 761 pro-

278 774 396 814 batur
421 774 469 813 ab
495 774 564 813 Ad.
591 774 744 814 Mulier.
754 770 788 829 ¹)
817 774 927 825 atqui
952 778 1134 812 accurate
1169 772 1396 813 discernere
1431 773 1591 813 difficile
1619 779 1690 826 est,
1714 779 1851 814 utrum

277 841 463 892 tragicus,
494 844 705 892 postquam
738 851 809 879 sua
840 840 926 891 ipse
952 843 1085 878 mente
1111 851 1196 878 rem
1223 840 1515 891 excogitaverit,
1539 841 1582 878 in
1609 839 1851 879 simillimam

274 905 368 945 Hdti
387 906 655 945 narrationem
674 904 879 958 inciderit3
906 917 955 944 an
976 916 1066 943 cum
1085 904 1291 943 historiam
1311 905 1353 943 in
1374 905 1503 944 animo
1523 904 1699 956 haberet,
1720 916 1851 945 exem-

273 971 383 1023 plum
408 978 566 1023 praesto
594 971 715 1010 fuerit
740 970 834 1009 huic
860 981 1026 1009 scaenae
1053 969 1270 1021 fingendae.
1282 965 1316 1023 2)
1350 982 1503 1009 summa
1528 982 1621 1009 vero
1647 976 1719 1023 est,
1745 969 1851 1022 quod

274 1038 381 1076 inter
407 1037 641 1088 scriptorem
663 1041 877 1087 utrumque
905 1036 1161 1074 constituitur
1185 1034 1359 1074 vinclum
1385 1036 1629 1075 artissimum
1655 1040 1771 1088 atque
1795 1036 1852 1075 ita

272 1107 317 1142 ut
342 1103 516 1153 tragicus
542 1103 742 1154 posterior
767 1101 1043 1152 recognoverit
1067 1100 1320 1140 historicum:
1354 1105 1392 1140 et
1426 1100 1528 1140 hanc
1562 1102 1756 1141 rationem
1784 1100 1850 1140 de-

273 1172 516 1207 monstrasse
542 1167 640 1206 mihi
666 1166 813 1206 videor.

517 1311 562 1348 B.
595 1310 667 1348 DE
693 1308 832 1349 VOCE
864 1307 1609 1349 ΦΟΙΝΙΚΗΙΑ-ΓΡΑΜΜΑΤΑ.

332 1399 480 1439 Maiore
519 1399 663 1438 fiducia
701 1398 834 1438 iudico
873 1397 921 1437 de
955 1410 1051 1436 voce
1083 1395 1617 1451 φοινικήια-γράμματα,
1663 1411 1706 1438 ea
1743 1399 1849 1438 enim

277 1466 526 1516 significatio,
559 1477 659 1516 quae
692 1464 758 1503 illa
791 1468 917 1503 aetate
949 1462 1079 1502 trihus
1110 1462 1226 1502 modo
1258 1463 1480 1503 litterarum
1513 1463 1610 1503 locis
1635 1464 1849 1516 invenitur,

270 1543 412 1583 nempe
435 1530 539 1582 apud
558 1530 707 1570 Hdtum
728 1530 758 1568 V
776 1527 846 1580 58,
872 1529 990 1581 Soph.
1006 1529 1051 1567 fr.
1066 1524 1212 1583 471³),
1232 1530 1272 1568 in
1295 1528 1391 1568 diris
1411 1524 1653 1582 Τοῖσι-111114),
1674 1530 1770 1569 satis
1789 1530 1868 1569 in-'

271 1598 395 1648 signis
415 1609 460 1636 ac
476 1595 648 1636 notanda
665 1600 736 1647 est,
755 1595 979 1647 utaliquam
992 1596 1098 1635 inter
1111 1595 1229 1647 Soph.
1244 1600 1284 1635 et
1296 1594 1443 1634 Hdtum
1458 1595 1582 1634 fuisse
1598 1597 1849 1647 suspicemur

270 1664 477 1702 rationem.
516 1667 653 1702 contra
689 1660 1022 1701 considerandum
1050 1666 1110 1700 est
1136 1673 1157 1700 a
1183 1659 1345 1700 Graecis
1371 1660 1592 1700 litterarum
1619 1661 1847 1701 inventores

269 1800 453 1846 θαλάμων
494 1800 637 1847 ἐγένετο
674 1798 812 1844 διαπρὸ
848 1799 1030 1845 δωμάτων
1066 1799 1236 1844 ἄφαντος
1271 1820 1314 1825 —-
1346 1821 1389 1825 —
1425 1798 1508 1843 ἤτοι
1544 1798 1798 1846 φαρμάκοισιν
1823 1798 1846 1845 ἢ

271 1854 439 1899 Μάγων
459 1853 646 1900 τέχναις
672 1852 694 1899 ἢ
715 1857 818 1889 θεῶν
844 1856 1017 1894 nannents:
1037 1853 1102 1888 ubi
1117 1853 1337 1898 significatio
1356 1853 1467 1897 paulo
1482 1853 1633 1888 alteram
1653 1853 1692 1888 in
1705 1855 1848 1898 partem

270 1909 325 1943 est
349 1919 463 1943 versa.
492 1908 689 1943 scholiasta
715 1908 813 1942 enim
833 1918 911 1942 rem
931 1907 1082 1951 exponit
1107 1907 1175 1941 sic:
1202 1912 1352 1952 μαγεῖαι
1372 1907 1413 1942 δὲ
1434 1906 1481 1941 τὰ
1501 1904 1547 1943 δι’
1577 1908 1764 1954 ἐπῳδῶν
1783 1907 1847 1953 (so.

269 1961 469 2007 γιγνόμενα
496 1960 816 2007 κακουργήματα);
844 1961 948 1995 cuius
968 1960 1243 1995 consuetudinis
1262 1960 1365 1995 testis
1386 1961 1490 1995 adest
1507 1961 1638 2004 Hdtus,
1660 1961 1724 2005 qui
1743 1960 1849 1996 affert

269 2018 356 2066 (11³2
386 2016 426 2050 ἐν
450 2020 532 2055 ταῖς
557 2013 743 2060 θυσίαις);
770 2014 906 2060 Μάγος
925 2013 1020 2058 ἀνὴρ
1048 2035 1092 2039 -—
1119 2014 1136 2048 ἐ
1150 2025 1238 2048 noes
1253 2012 1266 2048 ί
1280 2014 1348 2048 ὃει
1368 2012 1571 2059 θεογονίην
1592 2016 1629 2049 et
1647 2014 1727 2059 (VII
1747 2016 1845 2059 230):

268 2067 503 2108 κατείδοντες
535 2069 643 2115 βοῇσι
669 2067 704 2103 οἱ
739 2067 871 2114 Μάγοι
905 2088 951 2094 ψ-
976 2088 1022 2093 -
1055 2067 1150 2101 hanc
1183 2067 1223 2101 in
1255 2068 1365 2102 sacris
1390 2067 1567 2102 faciendis
1594 2068 1847 2103 auctoritatem

270 2123 531 2157 commemorat
564 2122 676 2157 etiam
718 2122 822 2157 Plato
849 2121 928 2167 (qui
965 2121 1100 2165 fertur),
1137 2132 1220 2155 cum
1257 2121 1514 2165 interpretatur
1550 2121 1713 2166 Magiam
1743 2123 1846 2157 θεῶν

267 2174 481 2219 θεραπείαν
506 2176 638 2221 (Alcib.
659 2176 675 2210 I
696 2179 760 2210 121
785 2177 841 2220 E).
877 2175 917 2209 in
936 2174 1101 2209 Axiocho
1128 2174 1237 2208 371A
1263 2174 1456 2210 exhibetur
1479 2176 1638 2209 tantum:
1665 2175 1846 2221 Γωβρύης

267 2228 364 2274 ἀνὴρ
390 2228 526 2275 Μάγος
545 2230 643 2274 (vide
664 2240 774 2274 supra
792 2241 828 2274 p.
845 2230 961 2275 1061).
989 2230 1114 2263 contra
1138 2228 1177 2262 in
1202 2227 1359 2272 Republ.
1378 2240 1415 2272 p.
1436 2230 1540 2263 5725:
1565 2227 1668 2263 Plato
1695 2228 1847 2264 collocat

269 2283 531 2324 τοὺςδεινοὺς
550 2283 711 2328 Μάγους
729 2283 794 2318 καὶ
818 2282 1131 2327 τυραννοποιούςι
1159 2293 1281 2317 nonne
1307 2283 1446 2326 spectat
1469 2281 1509 2315 in
1536 2281 1843 2326 significationem

269 2336 509 2380 Sophocleam
536 2337 612 2371 sive
633 2337 815 2371 Hdteam?
841 2337 906 2371 sed
930 2336 1000 2370 hoc
1026 2335 1213 2379 aliquanto
1238 2335 1413 2380 temporis
1434 2335 1552 2379 spatio
1579 2337 1633 2370 est
1650 2337 1845 2372 remotum.

329 2392 362 2435 1)
389 2390 539 2425 aesthet.
565 2390 804 2425 Kommentar
828 2402 872 2424 zu
898 2390 933 2424 d.
960 2389 1067 2434 Trag.
1095 2390 1129 2424 d.
1157 2388 1267 2433 Soph.
1296 2391 1387 2423 1904
1412 2400 1449 2433 p.
1471 2392 1528 2423 77.

327 2445 361 2488 2)
386 2444 477 2478 haec
496 2444 713 2488 disceptatio
734 2444 871 2488 pendet
889 2454 933 2478 ex
952 2443 1136 2478 humanae
1155 2442 1289 2477 mentis
1301 2442 1592 2477 condicionibus.
1620 2454 1662 2478 ac
1680 2442 1844 2487 profecto

267 2497 438 2531 omnibus
473 2497 548 2532 fere
583 2498 621 2531 in
658 2497 777 2532 causis
813 2498 967 2541 utraque
1000 2508 1085 2541 pars
1125 2498 1179 2531 est
1202 2495 1450 2539 respicienda:
1487 2496 1567 2540 ipse
1593 2497 1692 2531 enim
1718 2497 1844 2532 auctor

265 2551 446 2594 posterior
469 2551 656 2585 rarissime
682 2553 796 2585 certas
821 2550 980 2585 rationes
1005 2550 1157 2585 reddere
1182 2550 1311 2593 potest.

327 2605 363 2648 3)
396 2605 496 2648 apud
533 2604 774 2648 Hesychium:
817 2601 1023 2643 Φοινικίοις
1056 2602 1243 2649 γράμμασι
1278 2605 1478 2648 Σοφοκλῆς
1517 2602 1704 2648 Ποιμέσιν.
1763 2603 1845 2639 ἐπεὶ

267 2658 374 2692 δοκεῖ
396 2657 550 2701 Κάδμος
575 2657 672 2692 αὐτὰ
698 2657 738 2693 ἐκ
766 2655 943 2701 Φοινίκης
968 2656 1214 2702 κεκομικέναι.

327 2712 363 2755 4)
388 2710 471 2745 IGA
498 2714 565 2745 497
593 2710 622 2744 Β
650 2714 693 2745 35
715 2722 760 2746 ss.
783 2728 827 2739 =
849 2709 926 2745 CIG
953 2713 1062 2753 3044,
1095 2721 1206 2754 quem
1236 2709 1386 2744 titulum
1417 2710 1601 2754 pertinere
1633 2710 1681 2745 ad
1714 2710 1759 2745 ol.
1784 2713 1839 2744 76.

268 2766 309 2797 77
333 2781 377 2793 =
399 2764 503 2810 476s2
525 2775 556 2799 a.
580 2763 660 2798 Chr.
683 2765 808 2799 docuit
831 2763 1031 2806 Kimhhoff,
1065 2763 1219 2798 Studien
1241 2762 1255 2782 ‘¹
1271 2766 1360 2798 1887
1382 2774 1418 2807 p.
1441 2767 1574 2798 13—5:
1609 2762 1649 2804 ὃς
1674 2761 1722 2798 ἂν
1749 2763 1843 2809 τὰ(ς)

268 2816 403 2861 στήλας
428 2818 468 2852 ἐν
494 2811 581 2864 ᾗσιν
601 2816 727 2863 ἡπαρὴ
748 2816 962 2862 γέγραπται,
989 2815 1011 2861 ἢ
1033 2815 1225 2861 κατάξειῆ
1252 2817 1500 2861 φοινικήια
1528 2815 1693 2862 ἐκκόψει,
1718 2822 1844 2852 κεῖνον

267 2869 506 2905 ἀπόλλυσθαι
532 2871 596 2905 καὶ
622 2868 738 2905 αὐτὸν
763 2870 827 2904 καὶ
852 2869 968 2915 γένος.
