2106 3320
1013 230 1337 272 *114-

385 351 433 390 ad
459 343 712 403 φοινικιόις
738 350 902 389 formam
930 349 1123 390 adductus
1149 355 1209 390 est
1234 351 1352 390 metri
1377 352 1631 403 necessitate,
1657 363 1706 391 ne
1735 352 1809 392 duo
1837 364 1954 405 spon·

386 415 449 455 dei
476 417 814 467 coniungerentur
841 411 1074 470 (Φοίνῐκες
1099 415 1219 455 habet
1243 417 1256 454 i
1282 411 1507 470 longam).¹)

445 487 570 534 Quam
597 499 689 526 vero
716 486 764 526 ob
792 499 951 526 causam
971 487 1188 538 Sophocles
1213 488 1416 539 usurparit
1441 490 1557 527 istam
1578 488 1748 539 glossam
1767 489 1953 540 haicam,

386 554 638 604 cognoscitur
664 565 684 591 e
710 552 918 592 Pastorum
945 551 1176 604 rationibus,
1210 554 1323 592 cuius
1342 553 1566 604 tragoediae
1587 566 1778 605 personae
1798 554 1954 595 stabant

386 630 406 657 a
438 617 617 671 partibus
648 613 959 671 'l¹roianorum.²)
1005 618 1057 657 ita
1092 618 1299 658 Pastorum
1332 618 1403 670 frg.
1430 616 1516 658 477
1550 615 1611 673 (et
1640 619 1825 660 Androm.
1856 617 1952 671 121,

386 684 519 736 Eurip.
538 683 646 736 Scyr.
661 680 768 738 686)
789 685 961 723 sumitur
980 695 1000 723 a
1020 682 1153 723 Persis
1172 675 1245 723 vox
1265 682 1552 736 παρασάγγης
1570 680 1642 725 ἐπὶ
1661 687 1741 725 τοῦ
1762 681 1952 737 ἀγγέλου

384 750 407 788 i.
430 761 462 788 e.
483 761 555 801 pro
587 750 744 802 nuntio;
779 746 866 788 472
898 748 1067 800 Phrygie
1098 749 1274 801 loquitur
1314 747 1458 788 chorus
1496 747 1547 789 ἰὼ
1585 749 1757 803 βαλλήν
1787 751 1813 789 ἰ.
1840 762 1872 789 e.
1901 747 1952 790 ἰὼ

383 814 581 867 βασιλεῦ,
610 811 699 853 470
724 811 975 868 Βερέκυντα
1007 813 1194 866 βρόμον·
1231 812 1432 867 Φρύγιον
1457 812 1596 854 αὐλόν
1622 811 1818 869 (Aeschyl.
1839 814 1952 855 Niob.

386 876 469 919 155
507 877 758 933 Βερέκυντα
797 875 979 933 χῶρον),
1018 877 1106 919 476
1140 875 1280 934 (etiam
1313 879 1458 932 Captiv.
1486 876 1541 919 53
1581 885 1620 920 et
1650 879 1815 932 Triptol.
1844 876 1951 935 560)

371 940 588 999 ’‘Iavvoc³)3
626 942 713 984 475
749 941 809 999 (et
844 942 950 998 983)
986 945 1130 985 Achaei
1165 950 1354 985 vocantur
1390 945 1433 985 Γ
1427 944 1576 998 ραικοί
1609 941 1831 1000 (Γραῖκες)
1869 946 1951 986 sive

377 1006 548 1063 Ῥαικοί,
579 1008 667 1050 474
700 1015 817 1050 nauta
850 1010 1037 1063 βαρίβας
1063 1006 1187 1065 (quod
1212 1010 1377 1050 verbum
1412 1010 1571 1050 ducitur
1596 1023 1618 1050 a
1643 1023 1737 1050 voce
1762 1011 1952 1063 Aegyptia

383 1074 525 1128 βᾶρις,
552 1088 651 1128 quae
673 1075 774 1127 apud
797 1075 941 1115 Hdtum
963 1082 1021 1115 est
1042 1076 1075 1115 ΙΙ
1095 1074 1166 1128 41,
1187 1074 1256 1128 96,
1280 1072 1403 1131 179);
1427 1073 1515 1116 478
1535 1081 1715 1128 pastores
1735 1075 1952 1116 acclamant

380 1137 501 1195 ψό4)ε
529 1136 643 1180 ‘leisc
676 1141 951 1181 Merkzeichen
986 1142 1054 1181 des
1081 1142 1235 1181 Laudes
1266 1141 1349 1182 und
1381 1141 1450 1181 des
1483 1138 1674 1182 Standes.’
1714 1138 1950 1196 (Welcker).

379 1206 574 1258 quomodo
595 1208 767 1258 tragicus
788 1209 905 1247 etiam
926 1207 1031 1246 illam
1052 1209 1286 1259 peregrinae
1307 1206 1464 1247 dialecti
1483 1207 1652 1259 glossam
1672 1208 1887 1259 arcessivit,
1906 1213 1952 1247 ut

382 1270 549 1311 fabulam
576 1274 737 1324 proprio
764 1278 975 1312 exornaret
999 1272 1142 1312 colore.
1182 1285 1226 1312 ac
1248 1272 1458 1313 dummodo
1478 1274 1554 1312 ista
1573 1285 1646 1313 vox
1665 1278 1828 1325 putetur
1846 1272 1950 1313 haud

381 1338 489 1388 trita,
529 1343 730 1377 auctorem
770 1337 1008 1378 crediderim
1048 1350 1155 1390 eum,
1195 1339 1262 1389 qui
1298 1339 1384 1390 ipse
1422 1338 1513 1377 Iade
1550 1350 1647 1378 usus
1682 1339 1832 1390 tragico
1866 1343 1951 1378 erat

336 1425 339 1429 -
378 1402 722 1442 familiarissimus.
765 1403 998 1455 Sophoclem
1024 1415 1118 1442 vero
1147 1403 1246 1442 tales
1272 1408 1497 1443 exterarum
1517 1404 1694 1454 gentium
1714 1405 1801 1456 ipsa
1819 1402 1950 1443 fabula

379 1466 598 1507 oblatarum
625 1470 900 1520 proprietates,
926 1474 970 1508 ut
996 1481 1179 1508 scaenam
1200 1468 1247 1507 ad
1266 1480 1405 1508 verum
1427 1474 1571 1508 statum
1598 1475 1820 1521 exornaret,
1843 1468 1950 1508 haud

378 1539 631 1585 aspernatum
665 1545 751 1573 esse
785 1534 914 1573 elucet
941 1547 960 1573 e
988 1534 1108 1574 schol.
1129 1534 1264 1586 Eurip.
1285 1533 1429 1574 Phoen.
1451 1531 1556 1573 301:
1588 1531 1628 1574 εἰ
1654 1529 1737 1588 γὰρ
1763 1531 1837 1574 καὶ
1857 1529 1948 1574 Ἑλ-

379 1599 566 1651 ληνικῶς
593 1597 781 1639 ἐλάλουν
806 1598 851 1639 αἱ
883 1599 1130 1653 Φοίνισσαι,
1157 1596 1251 1640 ἀλλ’
1283 1593 1367 1640 οὖν
1393 1612 1442 1651 γε
1467 1597 1549 1652 τὴν
1573 1596 1761 1652 πάτριον
1787 1593 1950 1648 ἔσωζον

378 1660 598 1716 ἀπήχησιν
634 1667 710 1717 τῆς
748 1668 913 1718 φωνῆς,
948 1663 1006 1712 ὡς
1031 1664 1313 1718 Σοφοκλῆς
1344 1660 1399 1705 ἐν
1420 1660 1625 1716 Ἑλένης
1656 1661 1948 1717 Άπαιτήσει

377 1725 440 1783 (=-
464 1730 507 1768 fr.
533 1726 647 1784 178)
668 1727 742 1770 καὶ
762 1727 847 1784 γὰρ
869 1729 1088 1784 χαρακτὴρ
1110 1728 1243 1778 αὐτὸς
1262 1727 1311 1771 ἐν
1330 1729 1506 1784 γλώσσῃ
1526 1728 1571 1770 τί
1593 1743 1646 1782 με
1673 1726 1679 1785 Ι
1705 1735 1952 1785 παρηγορεῖ

439 1887 471 1930 1)
504 1886 624 1920 adhuc
661 1887 729 1921 hac
766 1887 806 1921 in
847 1887 1061 1931 quaestione
1100 1888 1236 1922 mentio
1274 1898 1348 1922 non
1387 1889 1441 1922 est
1472 1887 1568 1922 facta
1599 1886 1796 1931 epistulae,
1836 1897 1947 1931 quam

375 1938 413 1973 L.
436 1939 635 1983 Septimius
662 1940 853 1983 praemisit
877 1940 1004 1984 Dictys
1031 1940 1210 1976 Cretensis
1238 1941 1465 1985 ephemeridi
1490 1940 1580 1975 belli
1606 1940 1766 1985 Troiani,
1794 1939 1860 1975 ubi
1886 1950 1946 1975 ex-

376 1994 460 2026 stat:
490 1993 632 2036 ‘Dictys
648 2014 690 2019 —
706 1995 921 2038 conscripsit
939 1993 1110 2029 litteris
1131 1994 1333 2037 Punicis,
1354 2005 1448 2038 quae
1467 1995 1547 2029 tum
1566 1993 1703 2029 Cadmo
1724 1995 1760 2029 et
1778 1994 1947 2039 Agenore

375 2046 584 2081 auctoribus
611 2058 676 2090 per
696 2046 887 2083 Graeciam
906 2048 1240 2091 frequentabantur.
1262 2069 1308 2073 —
1326 2048 1440 2083 libros
1458 2069 1499 2074 —
1514 2049 1754 2082 commutatos
1774 2047 1946 2083 litteris

375 2099 558 2142 Atticis,
592 2111 677 2134 nam
704 2101 818 2136 oratio
845 2100 984 2136 Graeca
1007 2101 1126 2135 fuerat
1146 2101 1204 2127 ——’
1234 2100 1434 2145 (exemplar
1459 2101 1641 2136 exstitisse
1666 2112 1793 2136 revera
1816 2111 1947 2147 graece

375 2153 622 2198 conscriptum
647 2165 745 2188 nunc
770 2154 845 2189 iam
871 2156 1012 2189 constat
1036 2155 1131 2189 inter
1156 2165 1293 2196 omnes,
1326 2154 1368 2189 cf.
1389 2154 1564 2188 Rossbach
1582 2155 1683 2198 apud
1701 2154 1894 2199 Pauly-W.
1916 2166 1943 2189 e.

375 2206 507 2250 Diktys
530 2211 620 2241 1905
640 2219 675 2251 p.
699 2210 800 2254 590„
817 2219 862 2243 ss.
884 2210 920 2242 et
939 2207 980 2243 G.
1002 2208 1154 2250 Finsler,
1181 2208 1317 2243 Homer
1341 2208 1385 2242 in*
1400 2209 1465 2242 der
1489 2208 1643 2242 Neuzeit
1662 2229 1706 2233 —
1731 2210 1820 2243 1912
1839 2218 1875 2252 p.
1897 2209 1943 2250 3).

375 2271 547 2304 compara
572 2261 738 2295 eiusdem
763 2261 850 2295 libri
876 2262 1088 2307 prologum:
1118 2262 1259 2305 ‘Dictys
1281 2283 1324 2287 —
1343 2261 1482 2306 peritus
1502 2261 1602 2296 vocis
1621 2271 1663 2296 ac
1687 2261 1945 2296 litterarum

374 2313 664 2357 Phoenicum,
691 2325 785 2359 quae
812 2325 834 2349 a
854 2314 991 2350 Cadmo
1017 2316 1056 2350 in
1075 2315 1253 2351 Achaiam
1273 2316 1417 2350 fuerant
1435 2314 1587 2351 delatae.
1608 2335 1655 2341 —
1674 2314 1944 2350 Phoeniceis

374 2367 546 2402 litteris
580 2370 637 2413 (=
660 2368 856 2413 φοινικήια
888 2369 1108 2414 γράμματα).
1132 2390 1175 2395 -
1196 2369 1293 2404 Nero
1325 2369 1434 2404 iussit
1463 2369 1503 2403 in
1529 2368 1708 2403 Graecum
1740 2379 1944 2404 sermonem

374 2420 446 2455 ista
476 2422 676 2456 transferri’
711 2422 789 2465 (ubi
822 2423 1020 2467 repugnari
1052 2423 1199 2458 videtur
1228 2422 1350 2457 verbis
1381 2422 1583 2467 prioribus,
1621 2433 1715 2466 quae
1747 2421 1944 2457 difficultas

375 2473 528 2508 solvitur
553 2476 634 2521 517).

432 2535 467 2577 2)
495 2535 537 2569 cf.
560 2534 743 2576 NVelcker,
770 2536 907 2579 griech.
929 2536 1035 2581 Trag.
1058 2536 1072 2569 I
1096 2540 1162 2571 113
1184 2547 1228 2571 ss.

435 2595 469 2637 3)
496 2593 651 2637 Hesych.
667 2593 862 2630 v.'‘1avva·
889 2596 930 2631 ἐν
956 2595 1022 2640 μὲν
1048 2595 1364 2643 Αἰχμαλώτῃσι
1390 2594 1630 2640 Σοφοκλέους
1649 2593 1840 2631 ἀπέδοσαν
1861 2593 1943 2630 Ἑλ-

374 2647 521 2692 ληνική·
561 2648 637 2683 ἐπεὶ
665 2646 817 2689 ’Ίαννας
848 2649 935 2689 τοὺς
959 2647 1142 2694 '‘EM-nvom
1173 2647 1352 2694 λέγουσιν.
1411 2645 1451 2683 ἐν
1484 2648 1525 2684 δὲ
1560 2647 1849 2695 Τριπτολέμῳ
1881 2647 1943 2683 ἐπὶ

372 2700 560 2744 γυναικὸς,
587 2701 636 2741 ὡς
661 2702 725 2736 καὶ
751 2701 791 2737 ἐν
817 2702 1023 2747 Ποιμέσι.
1068 2702 1166 2744 τινὲς
1191 2702 1231 2738 δὲ
1256 2702 1325 2748 τὴν
1343 2698 1502 2747 Ἑλένην.
1548 2704 1717 2743 ἐπιεικῶς
1736 2699 1778 2737 δὲ
1799 2701 1835 2738 οἱ
1853 2701 1941 2749 βάρ-

372 2754 484 2799 βαροι
508 2754 596 2794 τοὺς
607 2751 791 2800 Έλληνας
803 2753 936 2797 Ἴωνας
961 2755 1141 2801 λέγουσιν.
1187 2757 1252 2791 καὶ
1277 2757 1316 2792 ἐν
1346 2759 1379 2791 Ί
1384 2756 1525 2802 ρωίλω
1552 2755 1744 2802 βάρβαρον
1763 2755 1942 2800 θρήνημα

371 2806 413 2842 τὸ
440 2805 505 2841 ἰαί.
554 2805 576 2851 ἢ
603 2806 721 2852 ὄνομα
747 2809 937 2854 γυναικός

433 2868 467 2906 4)
494 2867 629 2902 Anecd.
652 2868 765 2903 Oxon
786 2868 802 2901 I
824 2871 907 2903 118:
934 2869 975 2903 τὸ
1002 2868 1072 2914 γὰρ
1098 2867 1157 2915 ψό
1177 2868 1281 2913 παρὰ
1299 2871 1349 2914 τῷ
1371 2871 1467 2914 Σοφ
1489 2869 1707 2914 ποιμενικὸν
1723 2866 1940 2914 ἐπίφθεγμα

373 2919 415 2953 cf
438 2920 565 2955 Aesch.
587 2921 716 2956 Theor.
739 2925 800 2963 823
829 2922 939 2956 etiam
959 2923 1119 2958 Ichneut.
1142 2925 1248 2967 satyr
1270 2923 1311 2958 fr.
1333 2922 1479 2958 001.V11
1502 2926 1562 2957 12:
1588 2930 1676 2968 ψψ,
1709 2933 1792 2957 eum
1817 2922 1939 2957 adnot.

373 2972 646 3008 Wilamowi'tzii
667 2974 710 3010 N.
732 2975 788 3011 Jb.
812 2979 855 3009 29
875 2988 910 3020 p.
932 2979 1029 3022 4592.
