2106 3320
972 147 1263 190 -66-

396 273 507 313 Licet
534 277 666 311 autem
692 270 957 309 assentiamur
981 267 1155 308 Roberto
1183 269 1503 320 ingeniosissime
1529 268 1781 308 concludenti
1804 269 1909 308 arie·

335 345 416 379 tem
449 337 586 389 scyphi
622 335 827 375 cuiusdam
853 336 1024 386 imagine
1050 334 1201 386 pictum
1227 333 1480 374 referendum
1506 346 1595 374 esse
1621 333 1671 374 ad
1694 334 1825 374 Aiacis
1851 333 1908 373 fa-

336 398 519 457 hulam,1)
557 407 689 440 tamen
715 398 821 452 quod
847 398 1051 439 contendit
1082 398 1225 438 Ericus
1255 395 1434 454 Mnller2)
1471 398 1687 439 Minervam
1711 412 1791 440 una
1815 411 1907 440 cum

337 468 449 509 Ulixe
485 466 533 506 ad
564 468 694 518 ipsum
721 465 850 504 Aiacis
876 465 1091 504 tentorium
1116 465 1286 516 venisse,
1311 469 1418 504 certe
1445 476 1523 504 non
1547 464 1748 517 probatur.
1787 466 1910 505 immo

341 533 471 574 obstat
496 531 635 584 scyphi
660 529 814 570 testula.
842 542 918 582 qua
945 541 988 568 re
1013 534 1153 581 poetae
1181 530 1331 582 tragico
1359 530 1550 570 maiorem
1579 529 1787 570 tribuerim
1817 542 1909 570 auc-

340 600 544 639 toritatem
570 597 683 636 nisus
707 595 937 648 hypothesis
963 596 1207 647 testimonio,
1242 607 1332 635 cum
1363 596 1643 646 grammaticus
1675 596 1769 635 satis
1800 599 1911 635 certo

340 663 541 704 exhibeat:
567 660 809 714 δαιμονίως
834 658 884 700 δὲ
906 659 1096 714 εἰσφέρει
1115 659 1467 714 προλογίζουσαν
1486 659 1566 714 τὴν
1575 655 1786 713 Ἀθηνᾶν·
1811 657 1910 700 ἀπί-

339 731 486 770 θανον
511 726 595 780 γὰρ
628 725 707 767 τὸν
731 723 904 766 Αἴαντα
939 724 1153 776 προϊόντα
1188 729 1328 766 εἰπεῖν
1352 722 1451 779 περὶ
1483 731 1573 766 τῶν
1597 723 1718 781 αὑτῷ
1747 737 1911 779 πεπρα-

340 791 515 847 γμένων
547 791 691 845 ὥσπερ
730 788 1011 844 ἐξελέγχοντα
1046 787 1215 831 ἑαυτόν.
1253 803 1327 830 nec
1359 792 1563 830 consentio
1601 803 1692 830 cum
1721 790 1914 831 Muellero

341 858 574 900 scholiastae
610 858 845 896 sententiam
882 856 1091 908 repellenti
1118 852 1247 912 (1.1.);
1282 868 1372 896 nam
1411 856 1509 896 fides
1542 857 1777 908 certissima,
1812 868 1914 908 quae

342 922 626 976 postulabatur,
652 935 673 961 a
699 921 782 961 solo
808 922 929 961 heroe
955 922 1041 974 ipso
1067 926 1222 973 poterat
1247 917 1423 976 accipi.⁸)

653 1054 741 1108 III.
780 1053 859 1108 DE
898 1053 1188 1108 SINGULIS
1227 1053 1611 1108 SENTENTIIS.

403 1159 458 1199 Ea
487 1165 718 1211 argumenta
737 1158 864 1199 Hdtea
889 1172 910 1198 a
931 1159 1122 1211 Sophocle
1149 1172 1346 1211 expressa,
1373 1172 1473 1211 quae
1499 1159 1626 1199 adhuc
1651 1160 1918 1210 tractavimus,

349 1227 609 1267 eminentiora
643 1225 811 1264 fecimus
842 1230 1063 1277 propterea,
1097 1224 1201 1277 quod
1227 1223 1275 1264 ad
1301 1224 1454 1264 fabulae
1481 1223 1779 1264 fundamentum
1804 1235 1916 1263 exor-

346 1291 520 1331 nandum
554 1302 734 1342 magnam
766 1291 845 1329 vim
877 1290 1105 1338 habuerint3
1145 1302 1313 1342 quorum
1348 1290 1537 1328 nimirum
1571 1288 1677 1328 haud
1707 1290 1762 1328 ita
1794 1287 1917 1328 multa

347 1356 526 1408 exempla
560 1361 715 1407 praesto
749 1360 852 1407 sunt,
886 1360 1017 1394 tamen
1049 1354 1143 1394 Hdti
1169 1356 1440 1395 auctoritatem
1466 1355 1508 1393 in
1535 1353 1739 1406 Sophoclis
1763 1358 1919 1406 tragoe-

349 1421 433 1462 dias
459 1421 634 1461 habitam
659 1420 829 1473 prohant
853 1420 1095 1472 planissime.
1129 1426 1265 1460 contra
1285 1419 1462 1471 singulae
1483 1420 1713 1471 sententiae,
1739 1431 1837 1471 quas
1856 1430 1920 1458 re·

347 1486 539 1539 petendas
566 1498 654 1526 esse
681 1498 727 1526 ex
753 1485 847 1525 Hdti
873 1485 987 1525 libris
1014 1484 1343 1525 verisimillimum
1371 1490 1442 1536 est,
1475 1485 1654 1536 quamvis
1679 1496 1821 1536 magno
1846 1495 1920 1524 nu·

347 1613 430 1636 rum
456 1602 619 1635 dramate
646 1601 801 1644 satyrico
828 1601 979 1635 ineunte
1004 1600 1043 1634 in
1070 1611 1237 1635 scaenam
1264 1600 1389 1644 prodit
1407 1599 1552 1644 Apollo,
1578 1599 1682 1634 cuius
1703 1598 1924 1634 verecundia

350 1655 488 1699 optime
514 1656 689 1696 servatur,
716 1655 870 1688 exeunte
897 1654 976 1689 sine
1002 1654 1115 1688 dnbio
1142 1654 1253 1688 etiam
1272 1653 1486 1696 Mercurius,
1513 1664 1556 1688 ea
1573 1664 1630 1687 res
1648 1663 1798 1697 prorsus
1816 1651 1925 1687 aliter

350 1719 388 1743 se
413 1707 538 1744 habet.
565 1728 608 1732 —
634 1707 707 1741 huc
741 1709 905 1751 spectare
930 1707 1085 1750 videtur,
1123 1707 1223 1750 quod
1249 1706 1359 1752 Soph.
1379 1718 1460 1742 raro
1494 1708 1636 1741 tantum
1669 1705 1814 1741 fabulas
1844 1704 1925 1740 adit

349 1760 521 1805 mysticas
553 1760 676 1795 Liberi
713 1759 981 1805 (Tci‘potpdpm)
1014 1760 1258 1804 Herculisque
1293 1762 1330 1795 et
1363 1761 1516 1795 deorum
1550 1759 1721 1794 historias
1753 1756 1922 1805 (Νιόβη);

351 1815 395 1849 cf.
422 1813 724 1856 Christ-Schmid,
751 1825 804 1858 gr.
826 1813 893 1848 Lit.
916 1814 931 1848 I
951 1817 1036 1856 326;
1064 1825 1138 1857 quo
1163 1825 1261 1847 nunc
1286 1813 1464 1848 accedunt
1484 1810 1688 1860 Ἰχνευταί]
1715 1823 1790 1856 qua
1814 1812 1860 1846 de
1884 1822 1925 1847 re

350 1867 480 1902 Rohde
514 1867 606 1901 dicit
631 1867 783 1911 (Psyche
810 1869 923 1914 22³⁸)²
958 1865 1158 1901 ‘durchaus
1193 1866 1311 1901 bleibt
1344 1866 1404 1900 die
1429 1865 1600 1910 Majest'at
1635 1867 1698 1901 des
1723 1865 1924 1911 gottlichen

351 1920 521 1955 Waltens
547 1920 600 1954 im
619 1920 881 1964 Hintergrund,
908 1921 1042 1954 mischt
1067 1920 1145 1954 sich
1170 1920 1273 1954 nicht
1295 1919 1517 1954 vertraulich
1542 1920 1631 1954 oder
1652 1919 1741 1954 derb
1767 1918 1924 1964 eingrei-

352 1974 440 2009 fend
464 1973 504 2007 in
530 1973 591 2008 die
616 1973 891 2008 mensehlichen
917 1973 1135 2008 Gesehicke:
1175 1973 1235 2007 die
1259 1972 1423 2017 Haltung
1458 1973 1523 2007 der
1547 1973 1690 2007 Athene
1714 1973 1767 2006 im
1791 1972 1928 2017 Prolog·

354 2028 418 2062 des
445 2026 532 2061 Aias
558 2026 681 2060 macht
716 2026 797 2060 eine
823 2024 1064 2061 Ausnahme’:
1103 2037 1145 2061 ae
1179 2026 1339 2070 profecto
1365 2026 1530 2060 Minerva
1554 2025 1836 2060 Atheniensium
1859 2036 1924 2070 pa-

353 2082 459 2115 trona
477 2079 517 2113 in
541 2082 684 2123 partem
710 2079 927 2115 deteriorem
953 2080 1209 2124 invidiamque
1233 2076 1390 2114 trahitur
1415 2079 1473 2124 (cf.
1494 2079 1721 2114 Haussleiter
1744 2078 1768 2113 1.
1787 2078 1827 2123 1.)

416 2136 448 2177 1)
475 2133 705 2168 homerische
730 2133 882 2176 Becher,
909 2137 964 2168 50.
985 2133 1411 2177 Winckelmannsprogr.
1434 2135 1526 2167 1890
1551 2144 1587 2176 p.
1609 2135 1653 2166 34
1674 2143 1701 2166 s.

414 2189 449 2231 2)
477 2187 522 2220 de
547 2197 665 2230 graec.
688 2187 839 2222 deorum
870 2186 1036 2231 partibus
1071 2186 1220 2232 tragicis
1243 2189 1332 2221 1911
1354 2203 1398 2215 --
1419 2184 1720 2230 religionsgesch.
1740 2184 1928 2219 Vei-suche

354 2239 439 2274 vm
459 2244 479 2274 3
504 2251 541 2283 p.
562 2243 607 2274 48
616 2251 643 2274 s.

416 2295 452 2337 3)
478 2293 579 2336 quod
608 2293 763 2337 quidem
788 2293 819 2327 J.
842 2304 913 2328 van
938 2293 1117 2328 Leeuwen
1147 2294 1354 2337 (comment.
1382 2293 1428 2327 de
1454 2292 1577 2327 Aiacis
1607 2291 1718 2336 Soph.
1738 2291 1930 2326 authentia.

357 2348 394 2382 et
417 2346 632 2390 integritate
661 2350 748 2381 1881
777 2358 812 2391 p.
836 2349 903 2381 108
924 2349 984 2392 ss.)
1012 2358 1034 2381 a
1058 2346 1241 2391 principio
1267 2346 1417 2381 Aiacem
1442 2345 1673 2390 tragoediam
1697 2344 1847 2379 initium
1872 2355 1928 2379 ce-

355 2399 456 2444 pisse
482 2400 637 2434 coniecit
661 2411 683 2434 a
707 2401 845 2444 parodo
872 2401 918 2445 (v.
942 2401 1040 2446 134):
1080 2411 1307 2444 quamquam
1340 2399 1431 2434 haec
1464 2399 1640 2444 prologus
1672 2409 1746 2433 non
1770 2398 1929 2433 multum

358 2453 455 2487 valet
487 2452 670 2496 reliquam
705 2453 752 2488 ad
787 2453 963 2496 fabulam,
998 2454 1121 2488 tamen
1155 2452 1222 2488 illa
1255 2453 1462 2487 coniectura
1492 2463 1623 2496 parum
1649 2454 1704 2487 est
1726 2451 1930 2496 probabilis

359 2505 417 2549 (cf.
439 2517 472 2540 v.
494 2505 665 2550 Karajan,
691 2507 730 2540 in
750 2506 856 2541 Anal.
878 2506 1085 2542 Graeciens.
1107 2509 1199 2541 1893
1218 2518 1254 2550 p.
1278 2507 1370 2551 179).
1391 2526 1435 2532 —-
1455 2506 1606 2540 maioris
1626 2505 1788 2550 profecto
1807 2504 1930 2540 existi-

358 2569 431 2601 mo,
458 2559 558 2602 quod
585 2559 766 2594 dubitatio
793 2571 847 2602 ea,
875 2571 970 2603 quae
996 2559 1145 2594 conflari
1170 2561 1292 2604 potest
1317 2570 1336 2594 e
1355 2561 1562 2603 temporum
1581 2559 1723 2594 ratione
1741 2558 1932 2604 (quonia-m

360 2611 455 2646 Aiax
474 2614 614 2656 septem
634 2613 908 2657 tragoediarum
921 2613 1063 2657 plerum
1069 2624 1140 2656 que
1153 2612 1282 2647 habita
1295 2614 1349 2647 est
1361 2613 1619 2655 vetustissima,
1634 2612 1691 2646 cui
1711 2611 1765 2647 rei
1778 2611 1932 2647 Nieber-

361 2665 463 2710 ding,
490 2664 601 2709 Soph.
623 2678 657 2700 u.
678 2666 763 2700 Hdt.
790 2677 826 2710 p.
848 2669 892 2700 23
925 2666 1136 2710 adscripsit:
1170 2664 1275 2700 ‘Aias
1310 2665 1359 2700 ist
1383 2665 1842 2701 bemerkenswerterweise
1865 2665 1934 2700 das

361 2718 503 2762 einzige
540 2719 725 2754 erhaltene
752 2718 863 2754 Stiiek
899 2719 961 2754 des
989 2719 1111 2763 Soph.,
1146 2719 1212 2754 das
1246 2719 1355 2754 keine
1385 2719 1454 2753 mit
1478 2718 1749 2754 Bestimmtheit
1776 2717 1933 2753 nachzu-

362 2771 546 2807 weisende
571 2772 831 2817 Beziehungen
867 2773 936 2807 auf
955 2770 1040 2807 Hdt.
1076 2770 1253 2817 enthalt'),
1289 2771 1442 2807 solvitur
1477 2784 1519 2807 eo
1553 2772 1763 2807 fabularum
1793 2771 1934 2814 ordine,

365 2835 478 2867 quem
496 2826 636 2869 profert
655 2826 762 2860 certis
782 2826 1009 2870 argumentis
1029 2825 1132 2860 nisus
1151 2837 1184 2860 v.
1205 2825 1451 2861 Wilamowitz
1470 2825 1528 2871 (N.
1542 2826 1599 2860 Jb.
1615 2829 1659 2860 29
1681 2827 1772 2860 1912
1790 2835 1827 2870 p.
1839 2826 1936 2869 461),

363 2888 447 2911 cum
472 2880 557 2912 ante
583 2878 735 2913 Aiacem
759 2879 866 2922 ponit
890 2879 1125 2924 Antigonam.
