2106 3320
975 151 1272 192 -22-

339 273 477 323 κρᾶτα
507 268 736 322 πλόκαμόν
767 264 802 309 τ’
835 266 1230 323 ἐσκυθισμένον
1255 268 1386 328 ξυρῷ.
1425 286 1557 314 nonne
1585 281 1692 315 certa
1718 276 1910 328 quaedam

339 336 439 374 ratio
472 338 599 374 exstat
625 346 715 374 cum
741 333 904 374 Electra·
923 334 1141 387 Sophoclea
1168 342 1207 376 et
1232 336 1431 378 Oenomao
1457 339 1574 391 paulo
1601 346 1703 393 ante,
1734 347 1780 382 ut
1804 341 1911 381 vide·

341 405 419 452 tur,
447 395 622 454 edita‘Rl)
1880 420 1882 423 ¹

398 464 475 504 Sed
499 469 745 504 revertamur
765 465 812 504 ad
833 477 918 504 eam
939 467 1222 518 quaestionem,
1248 467 1352 507 unde
1380 467 1549 520 digressi
1575 482 1735 511 sumus:
1762 471 1911 524 Sopho-

338 529 423 570 clea
453 530 496 569 in
527 529 658 569 fabula
683 529 990 582 Clytaemestrae
1023 532 1155 580 omnia
1192 531 1342 572 scelera
1373 534 1644 586 imponuntur,
1676 541 1912 576 recusantur

336 596 468 635 omnia
494 594 710 635 excusandi
735 601 983 649 argumenta3
1008 608 1175 636 uxorem
1196 596 1413 637 adulteram
1432 600 1559 650 magis
1578 599 1911 653 libidinosamque

338 660 450 712 fingit
475 665 590 712 poeta
615 672 732 712 quam
758 660 860 700 filiae
887 661 1110 700 immolatae
1130 661 1329 702 vindicem
1356 658 1432 717 (El.
1457 661 1554 716 197,
1580 661 1668 705 585
1691 661 1783 721 ss.);
1809 671 1850 706 et
1867 671 1913 706 ut

338 727 476 778 regina
507 726 615 765 omni
640 725 754 777 culpa
780 731 978 778 oneratur,
1011 728 1064 765 ita
1090 726 1195 766 filius
1223 727 1425 768 liberatur.
1463 730 1616 781 primae
1645 731 1752 770 enim
1777 737 1911 783 partes

337 790 480 843 agendi
509 790 741 830 tribuuntur
771 790 951 830 Electrae
984 792 1210 832 miserrimo
1244 793 1321 832 fato
1353 792 1590 847 tabescenti3
1622 795 1744 835 immo
1769 798 1910 836 nuntio

335 855 498 901 fratrem
524 868 612 896 esse
638 860 839 895 mortuum
865 855 979 895 allato
1006 856 1130 896 solam
1157 870 1305 909 poenas
1332 870 1374 898 se
1400 859 1613 910 profitetur
1638 861 1909 912 repetituram.

335 932 430 973 ergo
456 920 561 973 quod
586 921 733 961 factum
758 921 876 961 audet
901 921 1047 961 femina
1073 934 1164 961 cum
1185 924 1288 963 vitae
1314 923 1506 977 periculo,
1533 936 1605 964 cur
1629 930 1839 965 vereretur
1861 927 1910 978 is,

333 987 400 1026 cui
423 985 614 1038 parricidi
637 985 735 1026 ultio
760 986 943 1026 mandata
969 992 1030 1026 est
1055 987 1141 1039 lege
1169 987 1328 1028 divina?
1354 990 1408 1029 ita
1428 988 1592 1030 Orestes
1620 989 1718 1030 adeo
1737 1002 1818 1030 non
1839 990 1909 1031 du-

332 1051 444 1104 hitat,
469 1052 565 1104 quin
589 1056 743 1104 patrem
768 1052 908 1091 ulcisci
933 1053 995 1092 ius
1022 1052 1158 1105 fasque
1185 1054 1432 1094 inexorabile
1461 1055 1523 1107 sit,
1549 1060 1594 1094 ut
1619 1056 1791 1096 maxima
1817 1068 1908 1096 cum

332 1116 545 1156 stabilitate
576 1122 692 1169 atque
720 1119 940 1157 constantia
965 1124 1195 1169 permaneat
1222 1120 1262 1158 in
1288 1121 1494 1172 proposito
1522 1125 1789 1173 susceptoque
1816 1133 1908 1161 con-

331 1182 440 1222 silio:
466 1195 510 1222 ac
534 1183 712 1234 profecto
733 1182 862 1222 evadit
879 1184 1028 1222 insons.
1055 1196 1173 1235 quam
1192 1185 1235 1223 in
1256 1186 1449 1224 rationem
1475 1197 1555 1224 non
1578 1185 1793 1237 quadraret
1811 1187 1908 1227 ima·

332 1259 381 1300 go
402 1247 595 1287 draconis.
624 1247 741 1287 draco
759 1249 865 1287 enim
885 1247 1069 1300 Sophocli
1090 1261 1245 1301 quoque
1265 1251 1391 1289 instar
1411 1255 1472 1290 est
1490 1252 1673 1302 portenti
1693 1252 1776 1292 sive
1795 1264 1907 1292 mon-

331 1308 449 1365 stri‚²)
470 1318 510 1352 et
535 1312 726 1352 dracones
745 1313 966 1353 inferorum
986 1325 1007 1352 a
1026 1314 1154 1365 poetis
1175 1311 1301 1367 (velut
1321 1314 1368 1354 ab
1388 1314 1525 1367 Eurip.
1546 1315 1605 1355 ΕΙ.
1629 1313 1744 1356 1345
1765 1321 1805 1357 et
1822 1316 1906 1369 lph.

331 1377 448 1418 Taur.
469 1374 574 1433 286)
602 1378 899 1430 appellabantur
918 1378 1097 1431 Erinyes,
1123 1391 1292 1431 quarum
1318 1382 1467 1420 mentio
1496 1380 1600 1433 apud
1620 1381 1737 1433 Soph.
1758 1394 1905 1434 nequa-

330 1456 450 1496 quam
482 1444 569 1483 fieri
602 1443 778 1484 debebat.
818 1444 1041 1483 immutavit
1072 1448 1203 1484 autem
1238 1443 1533 1497 debilitavitque
1569 1447 1744 1498 tragicus
1770 1446 1905 1487 formi-

331 1508 465 1548 dinem
485 1514 759 1561 terroremque
779 1511 931 1549 somnio
945 1510 1159 1562 Aeschyleo
1180 1511 1384 1561 iniectum,
1407 1510 1512 1563 quod
1533 1512 1570 1550 ei
1590 1524 1690 1563 opus
1710 1517 1796 1551 erat
1817 1524 1905 1565 spe-

330 1575 413 1614 cies
439 1570 674 1629 ambigua.3)
696 1586 787 1614 nam
808 1576 843 1614 si
863 1574 980 1614 draco
1002 1577 1251 1628 apparuisset
1269 1576 1462 1628 mortifer,
1489 1577 1607 1616 matri
1625 1589 1706 1616 non
1726 1578 1805 1616 iam
1823 1577 1903 1618 ulla

326 1712 414 1735 cum
439 1700 641 1736 occisorum
665 1700 828 1735 hostium
853 1701 965 1736 calvis
992 1701 1253 1746 superioribus,
1279 1703 1513 1737 narrantem?
1551 1713 1638 1738 nam
1663 1703 1732 1738 etsi
1758 1703 1901 1748 priores

330 1754 544 1799 (Pindarum
569 1755 605 1788 et
628 1754 889 1798 Bacchylidem
914 1755 1076 1799 appellat
1102 1755 1298 1790 scholiasta
1321 1755 1346 1792 l.
1371 1756 1409 1800 1.)
1435 1758 1614 1791 noverant
1637 1767 1778 1791 morem
1803 1757 1902 1802 capi-

329 1808 409 1842 tum
432 1807 473 1842 in
490 1807 638 1852 templis
665 1808 836 1842 ornandis
861 1808 1069 1851 infimi-um,
1094 1808 1163 1843 hac
1189 1808 1342 1852 quidem
1367 1809 1406 1843 in
1425 1809 1553 1844 fabula
1570 1810 1712 1853 primus
1732 1810 1904 1846 adhibuit

329 1859 538 1905 Sophocles,
564 1860 595 1895 si
621 1871 716 1904 quae
735 1860 825 1896 fides
845 1861 1017 1896 habenda
1035 1863 1091 1896 est
1110 1861 1248 1897 scholio
1269 1861 1431 1897 laudato.
1458 1883 1505 1888 —
1530 1864 1744 1907 ceteroquin
1762 1863 1903 1899 Hdtum

329 1915 474 1948 secutus
501 1916 555 1949 est
579 1914 747 1958 Isigonus
772 1913 985 1949 Nicaeensis
1012 1915 1112 1959 apud
1136 1914 1299 1949 Plinium
1325 1916 1410 1960 (nat.
1437 1916 1474 1951 h.
1499 1915 1566 1951 VII
1591 1917 1643 1960 2):
1680 1916 1903 1962 ‘Anthropo-

328 1967 470 2011 phagos
491 1987 534 1992 —-
555 1966 698 2001 ossibus
723 1967 968 2002 humanorum
994 1968 1157 2012 capitum
1181 1967 1310 2003 bibere
1337 1968 1557 2012 cutibusque
1577 1981 1661 2004 011111
1681 1970 1814 2014 capillo
1831 1982 1900 2015 pro

329 2019 551 2055 mantelibus
577 2022 661 2055 ante
685 2022 834 2064 pectora
857 2021 939 2055 uti’.

391 2074 424 2119 1)
449 2073 592 2108 Electra
615 2073 816 2118 Euripidea
846 2074 1097 2118 compluribus
1123 2074 1311 2110 vocabulis
1338 2072 1494 2119 singulis
1519 2076 1771 2121 redintegrare
1795 2076 1900 2112 vido-

328 2128 389 2161 tur
414 2126 655 2171 Sophocleam
680 2127 779 2173 (vide
803 2127 923 2172 infra).

388 2181 424 2225 2)
449 2180 549 2215 idem
579 2180 653 2215 fere
689 2180 971 2215 fundamentum
1009 2182 1108 2226 quod
1146 2181 1288 2216 somnio
1315 2182 1516 2227 Aeschyleo
1557 2182 1737 2218 subicitur
1772 2183 1899 2230 Antig.

328 2244 362 2267 v.
391 2236 456 2268 531
473 2245 517 2269 s.:

543 2299 587 2333 σὺ
613 2296 648 2333 δ’
678 2298 700 2344 ἣ
728 2296 813 2334 κατ’
841 2298 968 2340 οἴκους
993 2300 1042 2341 ὡς
1067 2297 1184 2346 ἔχιδν’
1213 2299 1395 2345 ὑφειμένη

541 2351 710 2395 λήθουσά
737 2350 774 2397 μ’
805 2352 967 2395 ἐξέπινες
992 2374 1048 2389 -.
1079 2354 1239 2388 maxime
1259 2355 1383 2389 autem
1401 2355 1525 2389 nostra
1545 2354 1695 2390 interest
1713 2355 1895 2400 inspicere

328 2404 442 2440 verba.
472 2404 751 2449 Clytaemestrae
782 2406 836 2441 El.
865 2409 1020 2440 784—6:
1049 2426 1092 2433 —-
1124 2404 1192 2451 ἥδε
1223 2406 1293 2452 γὰρ
1326 2405 1458 2452 μέἱζων
1483 2406 1601 2453 βλάβη
1635 2409 1724 2453 (scil.
1751 2409 1896 2444 Electra

328 2469 443 2501 quam
468 2457 625 2503 Orestes)

615 2511 786 2554 ξύνοικος
811 2507 858 2556 ἦν
884 2526 947 2557 μοι
971 2511 1110 2558 τούμὸν
1136 2511 1327 2549 ἐκπίνουσ’
1357 2513 1417 2549 ἀεὶ

612 2571 735 2611 ψυχῆς
753 2564 918 2609 ἄκρατον
937 2563 1041 2611 αἷμα.
1066 2578 1227 2610 namque
1247 2567 1383 2611 speciei
1397 2567 1621 2612 Aeschyleae
1635 2569 1822 2613 exemplar
1840 2571 1897 2604 est

326 2617 574 2663 perspicuum.
600 2619 697 2654 unde
723 2619 861 2663 optime
888 2619 1077 2664 Sophoclis
1103 2621 1142 2654 in
1167 2620 1236 2654 hoc
1256 2620 1419 2655 dramate
1451 2622 1659 2657 exornando
1687 2622 1781 2657 ratio
1809 2632 1895 2668 cog-

325 2671 503 2706 noscitur:
531 2683 553 2707 a
570 2671 679 2706 fratre
699 2671 838 2707 scilicet
857 2673 993 2717 culpa·
983 2673 1262 2719 1gnominiaque
1281 2673 1577 2709 transferuntur·
1567 2687 1606 2709 111
1626 2686 1800 2718 sororem,
1825 2676 1894 2710 etsi

327 2724 597 2759 imminuuntur
621 2736 663 2760 ac
687 2736 803 2769 paene
829 2726 1110 2771 exstinguuntur
1129 2737 1183 2769 eo,
1209 2727 1310 2770 quod
1329 2727 1611 2771 pronuntiantur
1629 2739 1652 2763 a
1668 2728 1799 2774 regina.
1817 2739 1892 2764 see·

325 2776 533 2812 lestissima.

388 2831 422 2875 3)
449 2841 556 2866 omne
588 2831 685 2867 enim
717 2832 947 2868 audientium
978 2833 1143 2868 studium
1174 2833 1220 2868 ab
1246 2833 1338 2878 ipsis
1364 2833 1472 2869 rebus
1499 2835 1670 2879 gerendis
1697 2835 1891 2871 deducitur

325 2882 374 2918 ad
398 2886 528 2928 poetae
554 2885 759 2928 artificium,
785 2897 858 2930 quo
883 2886 1046 2922 Electa-ae
1073 2887 1267 2922 consilium
1291 2898 1314 2922 a
1337 2889 1468 2923 natura
1492 2887 1664 2924 muliebri
1691 2889 1890 2926 abhorrens
