2106 3320
963 142 1258 183 ...44-

329 279 376 306 ex
403 279 448 305 eo
477 266 648 317 quidem,
684 264 788 315 quod
813 264 940 302 visum
969 255 1172 302 horridum
1200 263 1430 302 enuntiatur
1455 258 1477 302 a
1502 262 1732 315 Cassandra,
1757 264 1900 303 nescio

328 343 377 370 an
398 329 579 370 concludi
599 330 724 381 possit
745 327 910 367 eandem
930 332 1014 367 tum
1034 340 1190 379 quoque
1210 339 1300 367 cum
1318 327 1544 380 prodigium
1558 326 1752 386 eveniret,
1770 330 1895 368 inter·

328 397 451 436 fuisse
473 401 511 434 et
530 399 715 446 parentes
734 398 779 433 ut
799 393 962 432 filiolum
983 392 1267 445 interficerent,
1287 392 1556 432 admonuisse:
1581 393 1657 432 hoc
1676 394 1772 434 satis
1790 395 1899 434 veri-

327 460 456 500 simile
481 459 639 499 videtur
665 459 712 498 ob
741 458 857 497 verba
883 457 1066 510 ἐ’σφα]λε
1092 456 1344 512 προμάθεια
1370 454 1413 512 (l.
1434 455 1491 498 35
1512 471 1543 498 c.
1565 454 1685 512 adm).
1712 481 1756 487 —
1782 458 1897 505 Quae

326 527 359 565 si
386 527 440 564 ita
467 532 569 576 sunt,
602 525 780 576 proxime
812 523 890 562 huc
917 522 1069 562 accedit
1100 522 1228 562 fabula
1256 523 1303 562 ab
1329 522 1519 575 Euripide
1545 524 1587 562 in
1612 523 1679 563 illo
1705 523 1897 564 Androm.

327 592 480 629 cantico
509 589 693 641 exhibita,
717 588 787 629 ubi
814 600 967 628 summa
994 593 1055 627 est
1079 600 1227 640 rerum,
1253 588 1357 640 quod
1382 589 1529 628 frustra
1548 594 1656 628 vates
1682 588 1897 629 furibunda

324 667 464 707 preces
495 656 702 706 minasque
735 655 828 694 eicit
861 653 908 698 de
935 653 1075 692 Paride
1107 652 1223 692 modo
1257 649 1412 707 edit0.¹)
1450 653 1520 693 sed
1551 659 1596 693 ut
1620 654 1692 694 has
1717 655 1897 694 rationes

327 721 626 772 perspiciamus,
654 720 877 759 accuratius
904 718 1209 758 discernendum
1237 723 1298 758 est
1316 720 1422 758 inter
1442 718 1538 758 duas
1557 718 1712 759 fabulae
1733 720 1898 760 formas„

325 797 493 837 namque
521 785 745 836 Euripides,
776 786 845 836 qui
872 783 1132 823 Cassandram
1161 784 1282 835 fingat
1306 783 1584 835 postulantem,
1613 789 1659 824 ut
1683 784 1808 825 frater
1830 785 1892 824 in-

326 851 412 890 fans
438 856 617 902 necetur,
643 862 807 902 prorsus
834 849 1020 889 dissentit
1045 848 1091 888 ab
1112 848 1337 900 Apollodori
1363 847 1504 900 fabula,
1531 861 1608 900 qua
1626 848 1787 889 Hecuba
1811 851 1898 902 pri·

326 928 390 954 mo
417 914 601 955 Hectoris
628 920 744 967 partu
771 914 875 954 edito
902 916 1047 954 iterum
1073 926 1295 966 praegnans
1322 915 1475 953 somnio
1501 914 1568 954 illo
1594 913 1813 955 clarissimo
1833 920 1898 955 est

323 982 552 1033 perterrita3
586 985 625 1020 et
656 986 746 1032 post
776 980 958 1019 Paridem
986 979 1150 1034 ‚demum
1183 980 1307 1018 ceteri
1338 978 1455 1018 liberi
1488 985 1527 1019 et
1559 979 1778 1021 Cassandra
1809 982 1893 1021 nati

323 1042 464 1100 sunt.²)
496 1051 585 1085 utra
611 1058 703 1085 vero
724 1045 848 1085 forma
871 1047 923 1085 sit
941 1046 1145 1096 vetustior,
1171 1045 1234 1084 his
1254 1045 1356 1084 forte
1376 1044 1597 1084 rationibus
1618 1047 1896 1087 constituitur:

323 1110 583 1150 Cassandram
608 1116 654 1150 ut
678 1112 850 1163 primum
880 1110 1118 1150 divinatione
1144 1110 1320 1162 praedita
1349 1115 1464 1162 esset,
1493 1112 1610 1150 etiam
1638 1111 1685 1150 ab
1712 1111 1895 1164 Apolline

322 1187 372 1215 ne
399 1177 487 1227 quis
509 1177 545 1214 ei
565 1176 683 1215 fidem
703 1175 868 1215 haberet
888 1175 1067 1215 devotam
1088 1187 1187 1227 esse,
1214 1180 1366 1215 constat
1385 1176 1490 1215 inter
1510 1188 1646 1215 omnes
1667 1178 1779 1228 quasi
1798 1189 1896 1229 pars

323 1242 408 1280 eius
428 1242 584 1280 intima:
606 1254 649 1280 ea
673 1246 734 1280 est
753 1238 834 1280 ‘dei
853 1242 965 1280 iussu
985 1253 1063 1280 non
1083 1253 1257 1292 unquam
1278 1239 1428 1280 credita
1448 1239 1628 1280 Teucris'
1651 1237 1893 1295 (Verg.Aen.

323 1306 357 1344 ll
377 1302 495 1360 247),
517 1318 616 1358 quae
639 1306 685 1345 de
707 1319 748 1345 se
770 1308 855 1358 ipsa
876 1308 1057 1358 queritur
1077 1305 1180 1357 apud
1199 1305 1377 1357 Aeschyl.
1398 1307 1529 1357 Agam.
1554 1304 1685 1346 1211:
1706 1306 1891 1348 ἔπειθον

322 1367 468 1410 οὐδέν’
499 1369 644 1411 οὐδέν.
679 1371 735 1410 nil
761 1372 918 1422 mirum,
951 1371 1055 1422 quod
1080 1372 1120 1410 in
1147 1370 1349 1422 Euripidis
1375 1370 1559 1410 Androm.
1586 1384 1724 1412 omnes
1747 1385 1894 1428 preces

322 1435 696 1488 obsecrationesque
724 1437 817 1476 eicit
841 1438 998 1489 inanes3
1023 1448 1152 1488 neque
1178 1436 1288 1475 Paris
1315 1437 1525 1488 exponitur
1551 1432 1669 1491 (quae
1696 1439 1893 1490 expositio

322 1501 399 1540 sibi
423 1501 611 1541 voluisset
637 1507 804 1541 mortem
831 1497 1032 1556 infantis):
1059 1506 1125 1541 aut
1151 1500 1359 1540 consilium
1386 1501 1567 1541 fatidicae
1593 1514 1785 1555 prospere
1805 1516 1889 1544 ces-

322 1567 450 1605 sisset.
484 1567 646 1606 alteram
678 1572 830 1619 partem
865 1568 1011 1606 mirum
1038 1579 1132 1605 sane
1159 1572 1230 1618 est,
1264 1567 1298 1606 si
1325 1566 1462 1606 eadem
1490 1572 1529 1606 et
1553 1573 1644 1619 post
1666 1574 1824 1620 partum
1850 1575 1890 1609 et

321 1633 362 1669 in
388 1632 657 1682 recognitione
685 1637 723 1671 et
748 1637 836 1671 ante
863 1632 1148 1684 profectionem
1169 1631 1505 1671 Lacedaemonem
1533 1634 1784 1673 commissam
1805 1646 1892 1675 eas-

322 1696 410 1735 dem
436 1698 562 1736 minas
590 1696 790 1749 edidisset,
824 1697 893 1737 sed
918 1698 1090 1749 primum
1117 1702 1268 1736 tantum
1295 1697 1443 1749 aliquid
1470 1698 1680 1751 effecisset,
1712 1704 1797 1739 tum
1823 1699 1892 1740 de-

322 1767 505 1800 errasset.
533 1763 663 1813 potius
688 1762 757 1801 ubi
784 1764 956 1814 primum
981 1762 1138 1814 pueruli
1165 1764 1357 1814 expositio
1376 1763 1417 1801 in
1438 1763 1580 1803 famam
1600 1764 1797 1805 inculcata
1817 1770 1894 1818 est,

322 1825 540 1865 Cassandra
574 1829 751 1879 recessit,
784 1829 898 1867 cuius
930 1829 1160 1867 vaticinium
1193 1840 1213 1867 a
1244 1832 1361 1879 partu
1394 1828 1734 1870 fratrisdelatum
1762 1832 1891 1871 estin

321 1887 621 1943 (ἓναγνώρισιν
645 1891 770 1945 illam3
796 1893 967 1932 Aesacus
994 1897 1033 1932 et
1058 1892 1247 1943 Apollinis
1273 1892 1476 1932 oraculum
1500 1894 1735 1945 prodierunt
1760 1898 1889 1936 somni

321 1957 578 2008 interpretes,
612 1969 778 2008 quorum
812 1969 1002 2009 responso
1030 1957 1319 1996 oboediendum
1351 1963 1452 2010 erat3
1485 1971 1576 1998 cum
1608 1961 1756 2011 optimo
1789 1962 1892 2013 iure,

323 2022 507 2071 quoniam
534 2020 646 2060 Paris
677 2023 836 2073 proprie
864 2028 947 2062 erat
973 2022 1096 2061 cliens
1123 2022 1312 2074 Apollinis
1341 2019 1391 2076 (y.
1420 2020 1554 2078 infra),
1591 2024 1821 2078 Cassandra,
1853 2028 1890 2066 si

320 2085 510 2136 Apollinis
530 2088 715 2125 vaticinio
736 2086 854 2126 abusa
878 2093 949 2139 est,
968 2087 1067 2126 nihil
1088 2083 1313 2141 efficeret..³)
1339 2087 1549 2140 Euripides
1570 2091 1692 2140 igitur
1703 2090 1890 2131 Androm.

321 2152 471 2190 cantico
497 2153 772 2204 vetustiorem,
798 2152 1010 2192 Alexandri
1029 2152 1305 2205 Troadumque
1331 2153 1487 2204 trilogia
1505 2160 1759 2206 propagatam
1778 2156 1888 2196 exhi-

319 2214 386 2254 bet
406 2215 558 2255 fabulae
580 2217 756 2257 formam.
795 2219 926 2270 itaque
946 2219 1077 2270 ipsum
1102 2218 1285 2258 Hecubae
1306 2220 1503 2258 somnium
1523 2218 1629 2259 illam
1649 2220 1697 2259 ad
1717 2224 1890 2273 quaesti-

320 2292 434 2319 onem
455 2280 679 2321 solvendam
701 2282 797 2321 nihil
819 2284 968 2322 referre
983 2283 1172 2334 videmus,
1192 2284 1270 2323 nisi
1290 2289 1476 2335 provocat
1493 2285 1622 2335 primo
1643 2285 1888 2328 Cassandrae

320 2346 511 2397 monitus,
543 2351 625 2385 tum
659 2348 795 2386 Aesaci
827 2349 1068 2388 vaticinium.
1107 2349 1163 2387 nil
1195 2350 1353 2400 mirum,
1386 2349 1419 2388 si
1452 2349 1555 2401 apud
1587 2350 1887 2403 Lycophronem

379 2495 412 2537 1)
439 2505 664 2538 quamquam
690 2507 797 2539 quem
823 2498 870 2531 ad
890 2498 1041 2532 modum
1059 2498 1099 2531 in
1117 2496 1268 2532 Pindari
1287 2510 1343 2534 W.
1364 2498 1476 2534 nimis
1495 2500 1674 2536 mutilatis
1693 2502 1784 2537 haec
1802 2514 1886 2539 nar·

320 2546 412 2580 ratio
438 2547 549 2582 fuerit
568 2550 722 2591 extenta,
750 2550 898 2585 difficile
919 2552 973 2585 est
993 2551 1102 2593 dictu,
1128 2551 1201 2585 nisi
1220 2551 1312 2586 forte
1332 2552 1362 2586 si
1382 2554 1477 2587 recte
1497 2554 1662 2598 expletus
1682 2557 1747 2599 est,
1771 2567 1805 2592 v.
1821 2560 1884 2592 35:

320 2599 471 2646 ἕσφα]λε
502 2601 718 2645 προμάθεια
750 2603 903 2646 quidam
934 2603 988 2639 rei
1019 2604 1102 2638 finis
1134 2604 1325 2640 indicatur.
1364 2616 1450 2639 nam
1477 2607 1576 2650 quod
1601 2608 1668 2653 fig.
1697 2612 1742 2644 96
1769 2612 1887 2646 exstat

320 2652 507 2696 augam„
534 2654 579 2688 de
606 2654 834 2700 singulorum
859 2657 1108 2692 membrorum
1134 2659 1304 2692 contextu
1327 2658 1422 2693 nihil
1446 2660 1631 2703 probatur.

379 2714 413 2755 2)
440 2723 551 2755 quam
577 2713 860 2760 discrepantiam
889 2716 1027 2750 detexit
1050 2716 1204 2759 Urlichs,
1230 2716 1339 2753 Beitr.
1366 2730 1393 2754 z.
1420 2718 1661 2764 Kunstgesch.
1688 2732 1725 2766 p.
1747 2725 1802 2758 25.

380 2772 414 2816 3)
439 2772 590 2807 fortasse
615 2773 655 2807 id
680 2773 813 2818 ipsum,
841 2776 939 2818 quod
959 2775 1060 2810 Paris
1087 2777 1185 2820 apud
1206 2776 1469 2821 Apollodorum
1494 2778 1639 2815 disertis
1659 2780 1782 2816 verbis
1807 2782 1884 2829 sig·-

319 2823 486 2859 nificatur
511 2827 690 2861 secundus
716 2827 886 2862 Hecubae
912 2829 1020 2871 filius,
1047 2831 1198 2874 apparet
1221 2832 1409 2874 tamquam
1435 2832 1646 2876 oppositum
1664 2834 1784 2871 famae
1802 2837 1881 2881 pri-

319 2876 389 2911 ori:
410 2889 529 2921 neque
550 2878 647 2913 enim
667 2881 745 2913 tum
765 2892 845 2914 cum
865 2882 1043 2926 expositio
1061 2883 1222 2926 profecto
1243 2886 1373 2929 evenit,
1387 2896 1507 2921 sorore
1521 2885 1672 2924 fatidica
1684 2899 1776 2933 opus
1795 2892 1883 2927 erat.
