2106 3320
0 795 7 802 v
0 368 22 736 «mzfflrawwwwwmwv
0 317 15 352 m
0 273 19 291 i.
0 194 4 196 ⁴
12 89 13 92 „
13 10 15 12 ,

856 109 1152 151 ...93-

221 230 412 293 Q),
436 233 652 279 historicus
678 233 927 273 extrinsecus
953 231 1176 272 arcessivit:
1203 228 1379 269 diversas
1404 229 1588 269 existimo
1614 227 1793 268 eiusdem

218 299 407 357 proverbi
431 299 591 350 formas,
616 297 722 352 quod
748 297 879 338 elucet
903 309 925 337 e
951 308 1105 337 summa
1130 293 1390 336 similitudine
1409 293 1621 334 verborum
1641 299 1682 334 et
1699 292 1794 334 Hdti

218 366 252 408 V
269 363 299 408 9
323 371 365 407 et
386 365 506 418 Soph.
525 363 624 405 Phil.
644 361 732 404 306
758 368 798 404 et
824 361 985 416 Eupolis
1004 361 1100 402 CGF
1119 360 1154 401 ll
1173 373 1211 414 p.
1231 357 1319 401 549
1339 359 1473 400 Mein:
1504 357 1647 400 πολλά
1672 354 1713 412 γ’
1744 354 1794 400 ἐν

219 433 374 488 μακρῷ
398 429 544 486 χρόνῳ
571 429 767 482 γίγνεται
793 428 1042 482 μεταλλαγῇ
1065 422 1387 481 πραγμάτων.ῑ)

495 549 541 590 G.
573 549 645 589 DE
678 547 994 588 ANTIGONAE
1021 546 1284 586 VERSIBUS
1311 542 1520 585 905—12.

280 628 483 668 Acerrime
509 628 615 667 inter
638 638 778 666 omues
803 625 876 665 hos
901 624 1009 665 locos
1029 623 1280 677 Sophocleos,
1306 621 1451 675 quibus
1475 621 1570 662 Hdti
1588 620 1709 662 verba
1729 633 1796 661 ex·

220 705 360 748 pressa
397 704 486 733 esse
520 692 723 738 videntur.
757 695 975 744 pugnatum
1011 695 1073 730 est
1107 688 1155 729 de
1192 689 1320 740 Antig.
1349 700 1407 728 vv.
1438 684 1527 727 904
1555 700 1626 739 ss„
1659 692 1796 727 utrum

221 759 387 812 genuini
421 759 502 799 sint
536 770 585 798 an
620 755 866 810 interpolati3
901 757 955 796 ita
990 755 1078 795 fieri
1112 756 1190 794 iam
1225 755 1290 794 vix
1324 758 1467 806 potest,
1502 758 1547 793 ut
1580 754 1712 793 omnia
1747 751 1796 792 ad

220 836 364 876 unum,
407 836 509 877 quae
547 829 615 863 aut
652 821 798 862 libellis
834 826 904 861 aut
939 819 1107 872 singulis
1146 820 1356 860 sententiis
1391 818 1438 859 de
1474 818 1549 859 hoc
1583 817 1669 859 loco
1702 830 1796 858 vere

222 890 373 931 famoso
406 890 631 942 conscripta
666 893 771 939 sunt,
806 886 1050 939 colligamus.
1097 897 1220 939 quare
1255 884 1442 937 equidem
1476 896 1555 924 non
1589 885 1631 924 in
1666 884 1796 924 animo

221 954 350 997 habeo
380 966 563 1007 magnam
596 953 645 994 de
670 955 899 1005 incorrupta
925 964 1113 992 versuum
1138 952 1366 1002 integritate
1394 951 1614 990 orationem
1639 950 1798 989 institu-

223 1033 312 1075 ere;
335 1021 433 1061 satis
461 1018 587 1060 habeo
612 1018 677 1059 illa
704 1019 853 1071 scripta
878 1016 1008 1070 quoad
1034 1016 1133 1056 mihi
1168 1017 1446 1068 innotuerunt,
1484 1027 1718 1055 enumerare
1753 1026 1798 1054 ea

223 1087 389 1138 ratione,
407 1090 453 1126 ut
471 1090 654 1125 auctores
673 1096 751 1136 quo
772 1088 879 1123 stent
897 1083 939 1122 in
959 1081 1096 1134 gradu,
1122 1082 1254 1122 statim
1275 1077 1577 1135 intellegatur.²)
1615 1081 1694 1120 iam
1713 1081 1798 1133 ipse

223 1150 322 1194 ordo
338 1151 482 1203 ingens
502 1149 835 1200 dissertationum,
861 1159 958 1200 quas
978 1146 1151 1199 exhibui,
1173 1146 1316 1186 clamat
1334 1152 1470 1186 nostra
1491 1145 1651 1198 quidem
1671 1151 1799 1186 aetate

226 1228 367 1259 versus
391 1228 481 1256 esse
506 1216 664 1269 spurios
690 1226 769 1255 non
794 1225 911 1267 posse
938 1211 1206 1265 comprobari3
1232 1213 1352 1252 immo
1379 1211 1508 1252 adhuc
1533 1211 1664 1251 valent
1679 1210 1799 1251 verba

224 1281 418 1324 Classenii
450 1281 498 1322 de
530 1281 606 1321 hoc
630 1280 716 1320 loco
744 1275 909 1334 dicta³):
946 1276 1006 1318 ‘es
1032 1277 1138 1318 steht
1163 1278 1216 1317 im
1243 1277 1504 1330 allgemeinen
1531 1289 1592 1317 so:
1626 1276 1709 1317 dass
1737 1275 1798 1316 die

224 1346 663 1401 logisch·aesthetische
689 1344 960 1396 Betrachtung
986 1344 1063 1384 fast
1088 1345 1232 1383 immer
1250 1365 1298 1372 —
1317 1355 1389 1383 zur
1412 1342 1682 1395 Vemertung,
1715 1341 1800 1382 dass

225 1412 322 1454 aber
350 1411 779 1453 kriuseh-historische
810 1409 1079 1461 Betrachtung
1104 1431 1150 1437 —-
1176 1421 1248 1448 zur
1278 1407 1575 1460 Verteidigung‚
1607 1419 1679 1448 zur
1709 1407 1799 1447 Auf-

226 1477 551 1530 rechterhaltung
582 1477 653 1518 der
677 1476 797 1517 Stelle
829 1474 989 1528 gesuhrt
1020 1472 1116 1514 hat’.
1154 1474 1243 1514 ideo
1273 1474 1397 1526 igitur
1428 1479 1582 1513 certum
1609 1472 1800 1513 iudicium

226 1545 325 1586 ferri
358 1555 439 1584 non
473 1548 620 1596 potest,
654 1554 795 1582 versus
829 1553 909 1581 non
943 1545 1110 1593 possunt
1144 1535 1338 1594 expelli.⁴)
1382 1538 1422 1579 id
1458 1551 1614 1592 quoque
1648 1544 1693 1579 ut
1727 1538 1802 1578 hac

227 1608 576 1651 dissertatiuncula
602 1608 852 1658 affirmarem,
878 1606 976 1647 mihi
1001 1607 1203 1659 proposui,
1228 1618 1319 1645 cum
1338 1604 1544 1645 ostendam
1565 1603 1801 1658 Sophoclem

227 1681 269 1717 et
290 1675 373 1731 'hoc
405 1680 445 1715 et
476 1673 564 1714 aliis
596 1668 749 1728 locis,⁵)
782 1673 880 1725 ipsis
911 1673 953 1712 in
986 1671 1131 1711 talibus
1157 1672 1402 1724 argumentis
1428 1683 1475 1710 ex
1502 1669 1596 1710 Hdti
1622 1670 1800 1710 historiis

227 1742 398 1794 sumptis
423 1752 503 1781 non
523 1745 602 1780 tam
622 1744 804 1779 accurate
826 1738 1050 1791 respexisse
1070 1738 1166 1777 artis
1186 1735 1440 1777 condiciones
1462 1731 1618 1791 (nostro
1638 1735 1800 1789 quidem

228 1819 277 1847 ex
303 1805 450 1847 iudicio
476 1799 746 1859 severiore).⁸)
786 1802 857 1843 sed
883 1802 1042 1856 aliunde
1069 1814 1226 1855 quoque
1253 1803 1403 1842 arcessi
1427 1807 1596 1854 possunt
1621 1800 1800 1853 exempla

290 1906 325 1949 1)
349 1902 483 1939 similis
515 1913 642 1938 sensns
673 1901 870 1947 praebetur
901 1901 1012 1936 etism
1045 1900 1155 1945 Soph.
1182 1899 1344 1945 Hippon.
1370 1900 1412 1935 fr.
1439 1902 1526 1934 280:
1558 1898 1653 1943 πρὸς
1682 1903 1802 1933 ταῦτα

228 1956 367 2003 κρόκη
386 1955 515 2003 μηδέν,
534 1955 584 1997 ὡς
603 1954 623 1991 ὁ
642 1953 764 1991 πάνθ’
783 1953 881 1999 ὁρῶν
899 1955 964 1990 καὶ
978 1953 1090 1990 πάντ’
1107 1954 1257 1989 ἀκούων
1276 1951 1390 1989 πάντ’
1413 1951 1640 1989 ἀναπτύσσει
1658 1949 1802 1998 χρόνος.

222 2023 237 2054 f
289 2013 326 2057 2)
350 2022 397 2046 ne
421 2010 518 2046 facta
541 2009 710 2051 facerem,
736 2008 847 2044 omisi
871 2008 1146 2044 dissertationes
1166 2007 1251 2052 plus
1271 2009 1417 2042 eentum
1436 2008 1519 2042 antae
1539 2017 1571 2041 a.
1594 2008 1685 2041 1888
1706 2016 1803 2040 com-

209 2064 381 2112 ‘po-im,
412 2074 504 2109 quas
536 2065 684 2098 cunctas
715 2063 790 2098 fere
814 2066 920 2108 potes
946 2062 1132 2107 requirere
1157 2072 1202 2096 ex
1227 2060 1518 2106 diligentissima.
1541 2059 1705 2094 locorum
1731 2058 1803 2094 col-

227 2117 385 2155 lectione
409 2128 432 2153 a
457 2115 750 2153 Cristofolini
776 2115 946 2151 instituta
970 2115 1119 2161 CSopra
1142 2126 1193 2150 un
1215 2125 1324 2160 passo
1345 2116 1574 2149 controverso
1593 2112 1679 2147 nell'
1699 2111 1803 2147 Anti-

229 2182 325 2219 gone
362 2170 401 2206 di
433 2170 589 2207 Sofocle’
622 2180 745 2215 progr.
771 2169 892 2205 Triest
918 2171 1036 2214 1888).
1091 2168 1349 2214 neglegentius
1386 2167 1537 2202 nomina
1573 2168 1806 2212 congesserat

201 2229 206 2232 “
229 2225 274 2262 Η.
301 2223 418 2266 otte.
444 2225 490 2260 de
515 2223 642 2260 sabula
667 2223 882 2268 Oedipodes
905 2223 1005 2268 apud
1031 2222 1141 2267 Soph.
1163 2221 1250 2257 diss.
1274 2224 1364 2256 1879
1384 2233 1419 2266 p.
1441 2223 1485 2256 26
1507 2231 1552 2256 ss.

293 2280 329 2325 8)
353 2277 463 2314 Verh.
484 2281 540 2314 27.
561 2277 693 2313 Philol.
715 2277 815 2312 Vere.
840 2280 930 2312 1889
950 2288 985 2322 p.
1009 2279 1087 2312 110.

292 2334 327 2378 4)
347 2343 428 2367 seru
458 2331 538 2367 ulos
557 2331 816 2378 grammaticos
837 2330 1061 2365 sustulerunt
1082 2327 1224 2371 KaibeL
1245 2329 1291 2362 de
1312 2327 1420 2372 Soph.
1438 2328 1520 2362 Ant.
1538 2329 1628 2362 1897
1640 2340 1648 2367 ς
1670 2325 1803 2368 Baiter,

232 2385 403 2422 Zeis-chr.
451 2388 551 2421 ster-r.
566 2384 698 2429 Gymn.
716 2387 807 2419 1898
822 2388 888 2419 961
899 2383 953 2425 ff.;
975 2381 1343 2418 Bruhn-Schneidew.
1360 2380 1482 2425 Antig.
1504 2379 1631 2414 ιο1904
1647 2390 1682 2423 p.
1699 2382 1743 2413 84
1758 2389 1804 2414 ss.

292 2442 327 2484 ὁ)
353 2440 395 2474 nt
424 2450 497 2474 non
529 2438 647 2474 dicam
682 2439 727 2473 de
759 2437 951 2474 sententiis
977 2436 1142 2471 eiusdem
1168 2434 1314 2470 fabulae
1341 2434 1436 2468 inter
1461 2445 1498 2468 se
1525 2432 1728 2475 contrariis,
1760 2432 1806 2467 de

233 2492 370 2539 quibus
401 2491 635 2537 Dopheide
667 2503 784 2537 nuper
815 2491 995 2536 sagaciter
1026 2490 1103 2534 egit
1133 2489 1221 2524 diss.
1248 2488 1354 2523 inser.
1384 2487 1445 2522 ‘de
1477 2486 1587 2531 Soph.
1614 2488 1691 2521 arte
1722 2486 1803 2521 dra-

232 2546 370 2583 macies
393 2556 414 2582 e
439 2545 647 2581 fabularum
672 2546 781 2581 rebus
808 2545 902 2580 inter
928 2556 966 2579 se
993 2542 1287 2588 discrepantibus
1313 2540 1582 2585 cognoscenda?
1613 2542 1715 2575 1910.

296 2603 332 2646 6)
358 2598 619 2635 celeberrimae
645 2599 700 2634 illi
727 2598 910 2634 Goethii
939 2597 1138 2633 sententiae
1165 2595 1387 2640 (Gespriiche
1412 2594 1482 2629 mit
1507 2593 1736 2628 Eckermann
1758 2591 1807 2627 111

234 2654 305 2698 (ed.
329 2654 434 2698 18⁴8)
458 2663 496 2698 p.
518 2655 598 2695 128.
624 2656 680 2689 28.
701 2653 799 2688 Miirz
822 2654 942 2696 1827):
978 2651 1053 2686 ‘ein
1079 2650 1205 2691 Motiv.
1238 2650 1304 2685 das
1336 2659 1429 2693 ganz
1461 2647 1623 2682 schlecht
1654 2647 1701 2681 ist
1733 2646 1807 2681 und

234 2707 307 2743 sut
330 2717 397 2742 ans
423 2706 617 2742 Komische
644 2706 770 2742 streist.
792 2727 837 2732 —
859 2705 916 2740 ich
943 2705 1087 2740 mochte
1113 2704 1196 2739 sehr
1221 2713 1345 2747 gerne,
1372 2702 1441 2737 dan
1468 2701 1528 2737 ein
1554 2703 1661 2745 guter
1686 2699 1806 2735 Philo-

234 2760 319 2806 loge
346 2771 413 2795 uns
438 2759 615 2803 bevriae,
651 2760 711 2795 die
737 2759 847 2795 Stelle
879 2759 932 2795 sei
965 2758 1112 2793 unecbt'
1147 2757 1337 2802 (excitatae
1369 2755 1464 2791 libro
1490 2754 1662 2799 discipuli
1689 2754 1808 2799 Hege-

236 2813 328 2850 timi
360 2812 544 2857 Hinrichs,
576 2813 642 2850 das
668 2813 803 2849 Wesen
836 2813 901 2848 der
931 2812 1082 2848 antiken
1111 2809 1318 2856 Tragoedia
1347 2813 1434 2845 1827
1456 2821 1491 2854 p.
1516 2812 1559 2844 18
1574 2809 1634 2852 ss.)
1661 2817 1808 2852 oppono

237 2866 455 2902 Schilleri
480 2866 677 2912 epistulam
696 2878 728 2903 a.
752 2869 843 2903 1798
863 2866 1107 2909 (Dorinoesche
1127 2864 1255 2900 Briefs.
1277 2875 1311 2909 p.
1334 2865 1434 2907 41⁷):
1464 2863 1517 2898 ‘es
1545 2862 1591 2897 ist
1617 2861 1688 2896 mir
1711 2861 1809 2896 beim
