2106 3320
968 110 1262 153 —90—

329 241 407 275 tam
443 246 530 273 esse
563 235 642 272 iam
676 233 950 284 antiquissima
977 227 1125 286 (quoad
1155 231 1371 284 procedere
1396 228 1629 288 possumus)
1656 232 1897 273 Graecorum

327 304 474 339 aetate:
506 300 580 337 hoc
613 299 708 337 satis
741 309 938 349 superque
971 297 1160 348 Stephani
1192 294 1516 352 comprobavit¹)‚
1548 310 1638 337 cum
1669 299 1896 338 testimonia

330 364 530 404 uberrima
556 362 759 414 colligeret
784 368 823 402 et
843 374 864 401 e
885 362 1146 414 scriptoribus
1167 367 1206 401 et
1224 374 1271 401 ex
1292 364 1420 402 omnis
1440 365 1597 415 generis
1617 365 1893 406 monumentis.

329 431 449 469 immo
478 428 615 467 dextra
643 427 729 467 data
756 432 840 466 erat
866 429 1023 478 signum
1050 427 1142 467 fidei
1168 423 1490 482 sanctissimae.2)
1529 441 1646 480 quam
1667 427 1716 468 oh
1737 441 1896 469 causam

328 495 477 534 dextris
511 493 609 532 datis
642 492 744 545 apud
771 492 942 532 Graecos
975 493 1120 544 quippe
1153 493 1268 532 tritae
1292 505 1369 532 usu
1396 492 1674 533 consuetudini
1699 493 1798 533 nihil
1823 495 1896 533 tri-

326 559 527 600 buendum
549 564 609 597 est
627 559 791 610 proprii.
827 559 881 597 ita
901 557 1115 609 Sophocles
1136 557 1295 597 exhibet
1315 553 1430 612 (Oed.
1445 557 1523 597 Col.
1542 554 1697 613 1632>:
1724 557 1800 606 δός
1818 572 1894 610 μοι

325 622 451 678 χερὸς
486 628 565 676 σῆς
595 622 746 663 πίστιν
777 619 1000 675 ἀρχαίαν
1024 624 1049 661 i.
1071 634 1103 662 e.
1125 634 1234 662 more
1267 622 1392 662 solito.
1431 635 1560 675 neque
1591 625 1719 674 magis
1753 636 1799 663 ea
1830 636 1896 663 res

324 691 582 730 usitatissima
619 684 859 742 (secundum
895 688 1084 740 Stephani
1118 684 1437 743 inquisitionem)
1473 687 1655 727 movebat
1687 687 1895 728 Romanos.

324 755 412 794 ideo
446 756 480 793 si
506 754 621 794 Corn.
642 753 773 805 Nepos
799 754 914 793 affert
940 749 1106 807 (Datam.
1131 749 1223 808 10):
1257 751 1316 793 ‘ut
1335 776 1381 781 —
1402 753 1519 792 fidem
1551 752 1598 792 de
1625 765 1670 792 ea
1696 765 1739 793 re
1764 765 1894 794 more

325 821 577 860 Persarum
606 819 742 858 dextra
770 818 962 871 dedisset;
986 819 1088 858 hanc
1113 824 1158 858 ut
1177 820 1330 871 accepit
1350 832 1370 858 a
1391 831 1485 870 rege
1503 819 1666 858 missam
1685 816 1760 858 —’.
1787 819 1896 859 simi-

326 886 432 937 lique
459 889 573 924 modo
600 884 819 935 Polyaenus
839 881 1016 937 vl12812
1049 881 1199 932 δεξιὰν
1225 881 1375 932 αὐτοῖς
1401 884 1564 935 ἔπεμψε
1596 883 1736 940 νόμῳ
1762 885 1814 924 11
1817 897 1896 939 ερ-

325 953 452 1006 σικῷ
475 945 534 1004 (et
553 950 691 989 lustin.
722 947 830 1003 11153
855 948 1032 1001 Xenoph.
1052 949 1172 988 Anab.
1193 949 1227 988 11
1246 946 1304 1002 4„
1330 950 1443 1001 Ages.
1465 945 1543 1004 34),
1569 961 1648 988 non
1669 950 1896 1002 significant

326 1028 486 1055 manum
513 1015 747 1067 simpliciter
772 1020 1007 1067 porrectam,
1034 1014 1103 1054 sed
1130 1015 1271 1054 missas
1296 1027 1436 1054 manus
1462 1010 1690 1069 facticias.·⁹’)

384 1082 466 1120 Iam
497 1080 641 1120 melius
673 1085 803 1132 potest
835 1081 896 1132 agi
924 1079 970 1119 de
998 1079 1151 1119 duobus
1176 1081 1277 1119 locis
1302 1079 1395 1119 Hdti
1422 1076 1458 1134 (Ι
1481 1076 1585 1135 153)
1613 1071 1896 1132 Sophoclisque

329 1143 446 1201 (Phil.
468 1144 551 1186 811
575 1142 659 1201 ss).
699 1158 870 1197 namque
895 1146 1109 1185 historicus
1130 1145 1276 1197 Cyrum
1301 1146 1395 1185 facit
1418 1145 1691 1185 ludificantem
1717 1144 1896 1197 petulan-

327 1213 440 1263 tiam,
477 1224 552 1263 qua
585 1210 726 1250 Graeci
758 1212 798 1250 in
831 1210 1042 1250 mercando
1070 1210 1221 1250 soleant
1252 1210 1360 1250 abuti
1386 1210 1660 1264 iureiurand0;
1694 1211 1763 1251 sed
1789 1212 1895 1264 regis

328 1277 446 1317 verba
477 1279 562 1329 ipsa
596 1289 686 1316 cum
717 1277 987 1328 proferantur,
1019 1277 1287 1327 suspicionem
1318 1281 1493 1328 movent,
1525 1289 1575 1316 ne
1608 1275 1655 1315 ab
1681 1275 1783 1316 Hdto
1815 1277 1896 1316 sint

326 1339 465 1398 ficta.⁴)
515 1341 686 1393 accedit,
725 1341 830 1394 quod
868 1353 1000 1381 rerum
1041 1346 1204 1380 eventus
1243 1341 1486 1394 ohloquitur3
1526 1354 1615 1381 nam
1651 1353 1742 1381 cum
1777 1354 1894 1394 quam

328 1409 491 1448 minime
523 1407 726 1460 probabile
754 1408 806 1446 sit
831 1419 966 1458 regem
992 1406 1203 1446 Persarum
1228 1407 1480 1459 perspexisse
1506 1407 1667 1446 intimas
1693 1407 1895 1450 civitatum

328 1473 567 1513 Graecarum
588 1472 842 1512 condiciones
851 1468 898 1527 ⁵),
925 1477 1009 1511 tum
1035 1484 1104 1511 rex
1130 1473 1215 1524 ipse
1234 1471 1350 1524 paulo
1371 1476 1473 1524 ante,
1500 1473 1569 1524 qui
1588 1476 1629 1511 et
1647 1475 1743 1524 quot
1762 1476 1896 1512 essent

331 1538 641 1590 Lacedaemonii,
674 1534 979 1592 interrogavit.⁶)
1017 1538 1150 1589 itaque
1176 1551 1197 1576 a
1222 1550 1315 1576 vero
1341 1538 1506 1589 propius
1532 1536 1652 1589 abest,
1680 1538 1749 1589 qui
1773 1537 1895 1576 histo·

327 1605 453 1643 ricum
487 1609 648 1643 censeat
680 1603 939 1656 popularibus
977 1604 1059 1642 suis
1100 1598 1257 1657 (ταῦτα
1288 1599 1332 1650 ἐς
1361 1602 1467 1650 τοὺς
1497 1598 1896 1655 πάντας“Ἐλληνας

329 1665 560 1724 ἀπέρριψε)
588 1670 789 1721 paravisse
815 1664 1070 1720 speculums)

388 1791 421 1835 l)
450 1789 737 1834 Compte-rendu
764 1793 853 1824 1861
874 1801 910 1834 p.
934 1793 974 1823 77
991 1800 1036 1824 ss.

384 1844 419 1888 2)
446 1843 576 1878 eodem
600 1844 711 1878 modo
737 1843 812 1878 iam
837 1843 938 1887 apud
961 1842 1163 1877 Homerum
1187 1852 1318 1876 manus
1344 1840 1535 1875 conclusae
1562 1842 1647 1875 sunt
1670 1841 1710 1875 in
1735 1840 1895 1885 simplici

324 1908 446 1931 rerum
471 1896 676 1931 futurarum
702 1896 953 1931 affirmatione.
994 1906 1087 1939 quae
1106 1906 1192 1930 vero
1215 1895 1340 1939 opinio
1361 1905 1444 1928 cum
1463 1906 1594 1928 manus
1615 1894 1895 1939 coniungantur,

327 1949 518 1994 supposita
543 1951 596 1984 est
622 1951 657 1984 et
681 1949 720 1983 in
745 1949 954 1984 foederibus
981 1950 1016 1983 et
1040 1949 1079 1982 in
1104 1948 1308 1992 promissis,
1334 1949 1389 1983 est
1412 1948 1552 1982 vinculi
1579 1948 1694 1983 clausi
1721 1950 1756 1983 et
1782 1948 1895 1983 officii

326 2003 503 2047 suscepti3
529 2003 621 2038 alter
645 2003 684 2037 in
711 2003 860 2038 alterius
885 2004 1074 2046 tamquam
1098 2003 1316 2046 potestatem
1339 2002 1507 2036 redactus
1533 2003 1596 2036 est.

385 2058 418 2101 3)
444 2067 669 2100 quamquam
699 2056 769 2090 hoc
800 2057 909 2091 modo
943 2056 987 2090 de
1019 2055 1219 2098 sanctitate,
1252 2055 1480 2099 qua.Persae
1512 2066 1661 2089 manum
1690 2055 1813 2090 datam
1838 2066 1893 2090 re-

323 2110 553 2152 verebantur,
588 2109 683 2143 nihil
709 2110 857 2144 dicitur:
892 2120 985 2153 quae
1009 2109 1140 2153 religio
1167 2109 1296 2154 [quam
1321 2108 1535 2153 praedicant
1559 2108 1666 2143 Diod.
1686 2107 1771 2143 XVI
1789 2111 1894 2153 43,-4

325 2165 361 2198 et
374 2164 531 2207 Iosephu
546 2163 702 2207 santiqu.
718 2162 795 2198 Iud.
814 2167 855 2197 18
872 2166 891 2205 ξ
907 2166 974 2197 328
989 2162 1067 2207 (ubi
1082 2164 1228 2205 exstat§
1244 2166 1329 2197 334:
1351 2161 1479 2204 δεξιάν
1498 2174 1536 2197 τε
1556 2161 1763 2208 πέμψας)]
1776 2161 1897 2205 posita

326 2218 380 2252 est
413 2217 453 2250 in
489 2217 764 2251 Ahuramazdae
799 2216 898 2250 cultu
932 2216 1078 2251 veritati
1111 2216 1338 2260 indulgente,
1373 2226 1484 2259 quam
1519 2215 1750 2250 commendat
1784 2214 1896 2250 etiam

325 2269 474 2312 Darius,
509 2270 619 2304 huius
656 2270 846 2315 religionis
881 2270 1067 2304 restitutor
1100 2269 1407 2312 studiosissimum
1454 2269 1493 2303 in
1526 2267 1766 2312 inscriptione
1798 2267 1897 2302 infra.

322 2322 480 2358 laudata.

384 2378 419 2421 4)
444 2388 565 2411 nonne
584 2388 672 2412 voce
698 2375 840 2421 λέγεται
864 2376 1007 2410 lubrica
1030 2375 1177 2410 fabulae
1195 2375 1285 2410 fides
1306 2375 1506 2410 minuitur?
1532 2377 1568 2410 et
1586 2376 1771 2410 auctorem
1789 2385 1895 2409 suam

329 2430 503 2473 praebere
530 2430 790 2474 cogitationem
816 2429 1049 2465 confirmatur
1072 2429 1193 2463 verbis
1220 2441 1248 2465 c.
1271 2433 1355 2464 152:
1383 2429 1432 2470 ὡς
1455 2428 1523 2474 μὲν
1548 2429 1629 2474 ἐμοὶ
1653 2427 1785 2464 δοκέει.

388 2485 421 2528 5)
448 2483 547 2517 idem
572 2484 692 2518 Hdtus
719 2484 808 2518 dicit
827 2484 876 2518 III
897 2487 964 2518 138
989 2483 1124 2518 Dario
1149 2484 1325 2528 regnante
1346 2478 1450 2518 οὗτοι
1467 2488 1607 2527 πρῶτοι
1627 2482 1667 2518 ἐκ
1686 2486 1752 2527 τῆς
1767 2478 1896 2526 ’Ἀσίης

329 2536 366 2577 ἐς
391 2536 458 2581 τὴν
480 2534 642 2571 εΕλλάδα
669 2535 850 2573 ἀπίκοντο
875 2536 1028 2581 Πέρσαι.

387 2591 420 2634 6)
447 2601 540 2633 quae
568 2591 732 2634 quaestio
754 2591 808 2636 (ut
828 2594 895 2637 575,
915 2617 978 2637 105,
1005 2590 1048 2625 cf.
1071 2594 1162 2637 3²40:
1189 2588 1245 2630 τίς
1268 2603 1306 2625 τε
1332 2588 1388 2634 εἴη
1415 2589 1480 2625 καὶ
1505 2588 1540 2624 τί
1565 2587 1722 2634 ποιήσας
1741 2588 1803 2634 al.)
1821 2599 1896 2623 non

328 2645 382 2677 est
406 2643 502 2677 facta
526 2644 674 2688 proprie
699 2655 766 2688 per
790 2644 957 2679 ironiam.

387 2698 420 2739 7)
455 2707 567 2740 quam
599 2698 645 2731 ad
676 2698 856 2732 rationem
885 2697 1051 2741 proxime
1082 2698 1253 2732 accedere
1287 2696 1505 2731 crediderim
1543 2696 1645 2730 illam
1677 2695 1723 2730 de
1755 2694 1896 2739 optima

326 2749 516 2792 republica
541 2750 839 2794 disputationem,
867 2761 979 2795 quam
1002 2750 1121 2785 Hdtus
1143 2750 1204 2795 (III
1224 2753 1268 2784 80
1284 2751 1344 2795 ss.)
1364 2749 1472 2794 fingit
1495 2749 1728 2784 instituentes
1755 2749 1895 2792 septem

327 2802 518 2836 Persarum
536 2803 796 2837 nobilissimos.
816 2825 855 2829 —
872 2804 963 2848 quid
982 2804 1012 2837 si
1033 2814 1166 2848 anceps
1183 2802 1405 2838 vocabulum
1424 2802 1556 2848 ἀγορά,
1576 2813 1649 2846 quo
1670 2801 1897 2847 significatur

326 2855 424 2898 apud
451 2855 605 2890 Graecos
638 2858 674 2890 et
704 2857 726 2901 ἡ
759 2855 932 2901 ἐκκλησία
964 2859 999 2891 et
1022 2855 1068 2890 τὰ
1101 2856 1206 2899 ὤνιοι,
1239 2856 1348 2891 cessit
1371 2855 1411 2890 in
1438 2855 1800 2890 annominationem‘?
1843 2854 1896 2889 ita
