2106 3320
965 143 1230 185 -8-

311 266 474 317 tragico,
505 270 638 304 tamen
670 263 847 304 nondum
880 276 946 304 eas
971 269 1175 317 promptas
1202 277 1289 305 esse
1316 277 1363 305 ex
1390 266 1465 305 alio
1492 266 1662 318 quodam
1686 269 1885 320 scriptore

312 328 601 382 comprobatur.
639 330 761 368 immo
793 341 892 369 nova
926 329 1136 369 difficultas
1168 331 1324 371 exsistit
1359 333 1509 371 nostris
1545 333 1883 386 inquisitionibus,

312 394 417 447 quod
443 406 533 434 cum
559 394 662 446 apud
689 394 805 445 Soph.
833 400 873 434 et
896 394 1043 434 Hdtum
1069 407 1215 448 aequas
1245 408 1400 436 morum
1427 396 1709 450 religionisque
1735 399 1886 451 cogita·

310 461 440 500 tiones
472 460 724 511 rationesque
752 460 1012 511 inveniamus,
1044 460 1315 512 quaerendum
1341 466 1413 514 est,
1444 474 1539 502 num
1571 475 1617 503 ea
1648 475 1749 515 quae
1772 464 1886 517 paria

314 526 405 578 sint,
438 524 656 565 debeantur
681 526 802 564 totius
829 526 981 577 aetatis,
1014 537 1060 564 ex
1088 538 1164 577 qua
1189 526 1398 579 utriusque
1424 526 1517 567 libri
1543 534 1764 581 creverunt,
1790 541 1887 569 con-

314 589 548 631 dicionibus.
615 588 619 593 ”

372 654 529 694 Etenim
556 653 684 694 Hdtus
711 659 821 694 ortus
848 654 1009 707 quidem
1044 660 1130 696 erat
1160 668 1206 696 ex
1234 656 1355 709 Ionia,
1387 670 1497 710 quae·
1515 658 1624 698 cultu
1650 658 1890 712 expoliendo

312 719 482 760 multum
508 719 766 772 praecederet
786 719 991 760 Graeciam
1017 722 1297 774 continentem,
1322 727 1454 762 tamen
1479 725 1666 764 vetustati
1689 725 1890 776 propitius-

312 798 471 826 causam
486 797 597 825 suam
618 784 826 838 adaptabat
844 788 965 826 statui
978 783 1328 842 Atheniensium.¹)
1354 800 1430 839 qua
1449 789 1491 827 in
1505 800 1548 828 re
1569 787 1728 828 adiutus
1747 794 1810 829 est
1826 801 1889 842 eo,

313 850 419 904 quod
443 850 652 902 Panyassis
684 850 914 903 avunculus,
946 863 1024 903 quo
1056 863 1154 891 usus
1186 857 1247 892 est
1272 852 1591 905 familiarissime,
1615 854 1702 906 ipse
1726 859 1886 894 vocatus

312 914 631 971 τερατοσκόπος
657 916 743 955 eius
767 917 956 968 pietatem
983 928 1076 968 erga
1096 915 1191 957 deos
1211 922 1251 957 et
1269 917 1518 959 oraculorum
1537 918 1892 971 prodigiorumque

313 981 498 1022 fiduciam
530 977 708 1036 alebat.²)
748 984 866 1034 atque
899 994 985 1021 eam
1018 981 1251 1033 religionem
1283 984 1462 1023 incitavit
1494 984 1697 1024 oraculum
1728 983 1892 1037 Delphi-

315 1058 422 1086 cum:
447 1050 492 1085 ut
510 1045 718 1098 Pindarus,
737 1042 1007 1102 Aeschylus‚³)
1035 1046 1249 1099 Sophocles
1275 1048 1323 1087 ab
1350 1061 1395 1088 eo
1421 1048 1658 1102 pendebant,
1683 1061 1771 1089 eam
1795 1049 1891 1089 fidei

314 1123 449 1151 sacrae
475 1110 611 1150 sedem
638 1110 830 1163 colebant,
856 1113 910 1151 ita
935 1111 1027 1151 inde
1053 1111 1223 1164 plurima
1242 1115 1427 1153 vaticinia
1447 1115 1586 1166 petivit
1605 1115 1723 1154 etiam
1741 1113 1894 1155 Hdtusz·

316 1182 356 1218 et
375 1177 566 1229 suspicati
587 1181 680 1216 sunt
698 1177 774 1215 viri
795 1176 901 1216 docti
921 1189 1065 1229 corpus
1085 1177 1282 1229 quoddam
1302 1179 1564 1231 oraculorum,
1585 1178 1690 1232 quod
1709 1183 1750 1219 et
1759 1179 1897 1220 Hdtus·

314 1242 529 1282 historicus
561 1247 601 1281 et
627 1241 841 1294 Sophocles
874 1243 1048 1294 tragicus
1080 1243 1121 1282 in
1148 1255 1264 1283 suum
1294 1257 1412 1284 usum
1437 1245 1641 1297 verterint,
1666 1257 1757 1285 cum
1782 1257 1897 1284 com-

314 1312 587 1349 memorentur
618 1306 713 1347 Oed.
745 1306 790 1347 R.
829 1304 916 1347 906
967 1307 1112 1348 Λαΐου
1150 1305 1356 1362 θέσφατα
1397 1314 1437 1349 et
1471 1309 1575 1362 apud
1609 1309 1756 1350 Hdtum
1786 1306 1898 1349 v43·

239 1422 242 1426 .
316 1369 364 1413 ἐκ
388 1377 479 1412 τῶν
503 1372 648 1413 Λαΐου
673 1368 932 1428 χρησμῶν.4)
972 1385 1066 1424 ergo
1098 1385 1142 1413 ea
1169 1386 1216 1413 ex
1242 1373 1445 1425 religionis
1477 1374 1674 1415 adhibitae
1706 1374 1895 1415 similitu-

317 1437 408 1479 dine
434 1437 535 1477 nihil
559 1438 643 1477 fere
669 1442 800 1490 potest
825 1437 1009 1478 concludi
1036 1437 1083 1478 de
1110 1438 1273 1479 alterius
1299 1441 1532 1480 auctoritate
1557 1441 1599 1479 in
1625 1439 1804 1480 alterum.
1867 1431 1872 1436 ‘

376 1503 431 1543 Ac
449 1503 627 1556 profecto
647 1502 739 1543 talia
760 1507 925 1543 cunctae
945 1504 1048 1543 vitae
1069 1503 1324 1544 fundamenta
1342 1504 1517 1557 moralia,
1537 1505 1668 1557 qualia
1687 1507 1897 1557 cognosci-

316 1581 406 1609 mus
433 1580 454 1608 e
480 1570 721 1621 scriptorum
754 1568 954 1620 operibus,
979 1581 1059 1608 non
1085 1568 1244 1609 aliunde
1270 1575 1493 1621 sumuntur,
1519 1570 1590 1610 sed
1614 1571 1775 1623 penitus
1799 1570 1896 1610 hae-

318 1639 409 1674 rent
439 1634 591 1686 pectori
623 1634 754 1673 infixa.
794 1634 869 1674 hoc
899 1640 1053 1674 tantum
1077 1634 1322 1686 intellegitur
1339 1647 1469 1687 pares
1501 1647 1644 1675 sensus
1669 1641 1777 1676 ortos
1803 1647 1896 1676 esse

318 1712 340 1740 e
366 1698 643 1739 communibus
676 1704 900 1751 temporum
927 1699 1244 1739 condicionibus:
1276 1700 1481 1752 ingenium
1514 1702 1653 1741 aetatis
1684 1700 1893 1753 appellem,

319 1764 425 1817 quod
458 1764 634 1804 reluceat
668 1776 716 1804 ex
749 1769 920 1817 utroque
955 1764 1063 1804 illius
1098 1766 1183 1804 aevi
1217 1770 1378 1805 auctore
1415 1765 1769 1820 excellentissim03
1804 1765 1897 1806 dico

319 1835 451 1870 autem
477 1830 705 1882 sententias,
738 1843 838 1882 quae
870 1829 1100 1870 ferebantur
1126 1829 1174 1869 de
1201 1829 1365 1881 deorum
1397 1826 1601 1886 invidia⁵)‚
1633 1830 1681 1871 de
1707 1831 1898 1884 superbia·

382 1927 415 1971 1)
441 1926 494 1960 ita,
519 1925 620 1960 Stein
647 1925 795 1961 exhibet
819 1927 866 1962 de
890 1926 984 1962 libro
997 1927 1117 1961 Hdteo
1143 1926 1197 1972 (in
1215 1927 1383 1972 prolegg.
1403 1928 1452 1962 ad
1472 1928 1559 1963 edit.
1579 1928 1623 1963 V.
1646 1931 1736 1963 1901
1756 1939 1794 1973 p.
1813 1929 1896 1973 26):

326 1979 443 2014 ‘seine
477 1978 744 2014 kiinstlerische
768 1979 874 2014 Form
907 1980 948 2014 in
972 1979 1127 2014 Aufbau
1151 1980 1228 2014 und
1252 1979 1507 2026 Ausfiibrung,
1532 1981 1610 2016 und
1634 1981 1714 2016 sein
1738 1981 1895 2016 sittlich·

322 2032 515 2078 religissser
528 2031 827 2077 Grundgedanke
846 2035 975 2078 tragen
994 2033 1054 2068 ein
1068 2033 1343 2069 entschiedenes
1355 2033 1527 2079 ,Gepriige
1541 2035 1606 2069 der
1618 2034 1898 2079 gut—attischen,

321 2096 394 2121 von
420 2086 485 2120 der
510 2085 702 2130 Sophistik
727 2085 766 2120 in
792 2085 896 2121 Geist
920 2087 997 2121 und
1020 2086 1123 2121 Rede
1147 2087 1243 2121 noch
1266 2087 1370 2122 nicht
1393 2087 1614 2133 ergriffenen
1633 2087 1736 2123 Zeita!

381 2140 418 2185 2)
444 2150 556 2183 quam
580 2150 659 2174 rem
684 2140 854 2184 exposuit
878 2139 920 2175 A.
943 2139 1096 2183 Schoell,
1122 2140 1253 2175 Philol.
1277 2144 1319 2175 10
1346 2142 1479 2187 (1855),
1506 2145 1619 2184 39ss.‚
1651 2141 1716 2185 qui
1742 2141 1896 2186 quidem

321 2192 469 2237 longius
494 2192 682 2236 processit.

382 2247 418 2292 3)
445 2246 489 2280 cf.
515 2245 632 2289 Blass,
659 2246 744 2281 edit.
772 2245 933 2291 Choeph.
963 2250 1065 2284 1906.

384 2300 420 2345 4)
447 2299 490 2334 cf.
522 2298 782 2343 Wilamowitz‚
814 2299 938 2335 Herm.
969 2303 1048 2347 34⁷⁶
1059 2311 1104 2343 s.;
1144 2301 1203 2335 cui
1229 2301 1442 2346 obloquitur
1474 2300 1624 2346 Gruppe
1655 2301 1695 2336 in
1726 2301 1900 2337 Bursiani

324 2352 443 2387 annal.
466 2356 545 2395 137,
574 2355 744 2399 1908201,
783 2354 848 2388 sed
880 2353 965 2389 vide
997 2354 1097 2399 quod
1134 2354 1283 2390 exhibet
1311 2354 1476 2390 Pomtow
1507 2355 1608 2400 apud
1637 2354 1897 2399 Pauly-wisa..

324 2417 352 2440 s.
371 2417 405 2442 v.
431 2406 590 2450 Delphoi
616 2407 749 2452 (1901),
773 2418 810 2451 p.
832 2410 924 2442 2521
940 2418 967 2443 s.
994 2427 1039 2433 ——
1066 2407 1112 2442 de
1136 2407 1226 2442 Hdti
1251 2407 1455 2443 rationibus
1482 2419 1563 2443 cum
1591 2408 1739 2443 oraculo
1763 2407 1900 2452 Pythio

323 2459 426 2495 initis
457 2462 623 2495 accurate
657 2460 842 2495 disserunt
873 2461 916 2496 A.
943 2460 1040 2505 Oeri,
1073 2462 1118 2496 de
1142 2462 1243 2496 fonte
1268 2461 1448 2505 Delphico
1474 2461 1574 2504 Hdti,
1601 2461 1688 2496 diss.
1717 2464 1825 2517 1899,
1860 2462 1903 2496 et

326 2511 404 2548 Car.
430 2512 600 2556 Lanzani,
626 2513 707 2548 Riv.
735 2513 773 2548 di
800 2513 919 2549 Stoi-ia.
943 2515 1063 2550 antica
1087 2514 1134 2551 N.
1149 2514 1182 2550 S.
1203 2525 1234 2549 a..
1256 2517 1288 2549 8.
1313 2514 1400 2550 fasc.
1421 2517 1525 2549 2—4.

386 2567 422 2611 5)
447 2565 506 2601 W.
528 2565 649 2601 Christ
673 2567 777 2611 (iiber
796 2568 831 2602 d.
851 2568 959 2603 Verh.
981 2580 1045 2603 zw.
1065 2568 1141 2602 Hdt
1164 2579 1200 2603 u.
1225 2567 1374 2610 Pindar,
1401 2567 1461 2602 Sb.
1487 2567 1556 2602 Ak.
1582 2567 1727 2603 M'unch.
1750 2569 1904 2615 189523)

328 2619 512 2665 significat
540 2620 719 2655 invidiam
746 2621 848 2656 illam
876 2621 1028 2657 deorum
1058 2621 1210 2666 reperiri
1236 2622 1272 2655 et
1294 2620 1400 2664 lyrici
1426 2622 1463 2655 et
1485 2620 1651 2656 historici
1674 2621 1716 2655 in
1740 2620 1901 2665 scriptis,
1959 2630 1962 2633 ·

327 2673 394 2708 etsi
415 2673 574 2708 discerni
594 2685 668 2709 non
686 2674 814 2719 possit,
840 2676 921 2710 uter
939 2686 1021 2710 eam
1039 2675 1079 2709 in
1096 2674 1228 2719 volgus
1248 2673 1406 2709 ediderit
1422 2674 1533 2719 prior.
1555 2674 1600 2709 de
1618 2673 1761 2709 invidia.
1778 2673 1900 2708 Hdtea.

326 2726 403 2771 egit
432 2726 476 2761 H.
501 2727 635 2770 Meuss,
666 2738 787 2773 progr.
817 2731 909 2763 1888
941 2730 999 2773 (21
1026 2729 1089 2773 p.).
1127 2727 1242 2762 ubera
1272 2726 1441 2771 exempla.
1469 2726 1582 2762 variis
1613 2737 1633 2762 e
1658 2727 1902 2772 scriptoribus-

327 2780 478 2815 collocat
502 2779 638 2824 Nastae,
663 2781 789 2825 Eurip.
814 2793 851 2826 p.
874 2785 930 2826 57,
950 2784 1072 2828 420w
1100 2780 1295 2825 Sophocles
1322 2780 1484 2824 quidem,
1511 2780 1570 2815 cui
1592 2778 1742 2820 Φθόνος
1759 2791 1898 2815 numen

327 2836 561 2878 personatum
587 2836 642 2869 est
665 2834 831 2879 (Philoct.
854 2836 948 2880 776),
975 2833 1126 2879 φθόνου
1145 2836 1249 2869 θεῶν
1272 2843 1456 2877 nusquam
1481 2834 1606 2878 aperte
1630 2833 1718 2868 fecit
1739 2833 1904 2869 mentio·-

327 2897 413 2921 nem
437 2887 494 2932 (cf.
522 2887 654 2930 HirzeL
680 2887 840 2931 Themis,
867 2887 962 2923 Dike
987 2900 1022 2923 u.
1048 2887 1284 2923 Verwandtes
1312 2890 1415 2931 1907,
1439 2897 1476 2932 p.
1497 2888 1591 2933 305).
