2106 3320
882 167 1179 210 -23-

150 262 169 308 s
230 252 741 340 {hiatio-superfuisset,
766 299 897 340 neque
923 286 1116 340 Electrae,
1141 300 1261 341 quam
1287 287 1539 329 dedecuisset
1562 290 1676 341 siguo
1701 300 1815 342 aper·

155 378 167 410 ῳ
241 352 400 394 unnim
432 351 627 404 diffidere,
658 352 802 393 fiducia
833 359 918 393 erat
942 352 1218 406 concutienda,
1248 365 1379 407 neque
1404 358 1519 406 poeta
1545 366 1699 394 summa
1724 366 1815 395 cum

239 418 438 472 snpientia
468 419 710 459 instituisset
734 418 931 459 Electram
964 418 1061 459 falso
1094 418 1142 459 de
1174 419 1310 459 fratris
1335 431 1433 459 nece
1458 420 1599 459 nuntio
1625 425 1666 460 et
1687 420 1815 473 ipsam

237 481 467 537 neptam:
499 485 553 524 ita
585 496 678 524 vero
709 484 962 537 plangentem
994 497 1080 525 eam
1107 484 1304 538 videmus;
1336 486 1402 525 cui
1432 486 1592 526 invento
1625 484 1816 526 dehemus

225 546 544 592 celeberrimam
569 548 677 590 illam
702 555 743 590 et
767 549 1039 591 mollissimam
1066 549 1245 591 Electrae
1264 549 1586 591 lamentationem
1606 550 1742 591 fratris
1760 552 1816 592 ci·

167 606 194 666 “;’
238 625 362 657 nem
387 614 572 656 manibus
596 614 838 667 complexae.
871 627 1000 667 neque
1020 615 1318 669 Chrysothemis
1343 617 1555 669 perspicua
1575 615 1623 656 de
1643 617 1815 669 imagine

236 679 391 721 certior
415 680 518 721 facta
543 682 919 722 communicavisset
944 694 1035 721 cum
1059 677 1248 737 sorore‚¹)
1274 682 1422 734 quippe
1447 694 1565 734 quam
1585 694 1663 734 quo
1683 683 1815 722 animo

130 737 134 739 “
173 755 175 757 ’
237 744 284 786 ln
307 750 476 786 matrem
502 750 609 786 esset
633 747 792 798 infesto,
818 746 923 787 haud
949 748 1168 799 ignoraret:
1194 748 1327 799 potius
1346 748 1502 787 sincera
1522 752 1562 787 et
1580 748 1735 799 integra
1755 747 1814 788 in·

238 809 472 852 madebat
488 813 595 852 inter
612 818 780 852 matrem
801 819 842 852 et
860 812 993 866 tiliam3
1018 812 1196 865 alioquin
1215 817 1282 852 aut
1307 824 1420 852 sacra
1445 813 1487 852 in
1513 813 1638 864 patris
1663 811 1815 852 tumulo

237 874 420 917 &denda
446 888 526 917 non
551 878 796 930 suscepisset
820 883 888 918 aut
912 878 1111 930 susceptis
1141 890 1163 917 a
1195 889 1333 918 sorore
1367 890 1446 918 non
1470 883 1580 918 esset
1603 877 1813 930 prohibita.

299 939 405 994 Ergo
423 940 542 995 Soph.
563 944 683 983 totius
702 942 926 995 tragoediae
946 942 1248 983 condicionibus
1275 948 1436 983 coactus
1456 944 1665 996 pristinam
1684 945 1813 984 somni

238 1005 410 1048 formam
436 1009 589 1061 respuit
613 1014 654 1048 et
672 1007 856 1049 Orestem
874 1014 920 1049 ut
937 1009 1046 1048 omni
1065 1007 1263 1048 matricidi
1283 1008 1411 1061 culpa,
1436 1020 1537 1061 quae
1562 1010 1690 1061 magis
1715 1009 1813 1048 inci-

237 1069 355 1113 deret
377 1073 420 1113 ln
444 1072 642 1114 Electram
668 1086 733 1115 res
758 1073 1004 1124 molientem,
1036 1075 1090 1113 ita
1122 1074 1241 1114 etiam
1275 1073 1459 1114 draconis
1484 1073 1697 1114 simulacro
1723 1085 1814 1114 cru-

236 1135 445 1179 delissimo
469 1138 664 1180 liberavit.
689 1138 787 1192 quid
811 1144 943 1179 autem
968 1138 1076 1179 illius
1101 1140 1142 1178 in
1168 1138 1299 1179 locum
1325 1138 1504 1179 invenit?

301 1201 518 1256 Sophoclea
537 1206 672 1257 specie
691 1201 769 1259 (El.
788 1202 874 1245 417
897 1200 970 1259 ss.)
998 1204 1097 1244 duae
1118 1205 1310 1257 imagines
1329 1204 1630 1245 confunduntur
1647 1217 1813 1258 prorsus

241 1265 423 1309 diversae
449 1281 579 1322 neque
603 1268 685 1310 ullo
710 1269 827 1310 modo
853 1269 1123 1310 cohaerentes.
1149 1271 1296 1310 etenim
1322 1271 1452 1323 primo
1482 1270 1725 1322 Agamemno
1750 1282 1812 1311 re·

236 1343 381 1375 versus
405 1336 588 1387 coniugis
612 1347 779 1376 munere
806 1335 996 1388 fungitur,
1028 1341 1164 1375 contra
1190 1337 1232 1375 in
1258 1335 1379 1376 altera
1406 1337 1534 1376 somni
1560 1341 1672 1388 parte
1698 1336 1812 1388 fingi-

235 1403 306 1441 mr
329 1398 450 1440 arbor
474 1413 663 1441 crescens
689 1414 710 1441 e
737 1402 915 1454 scipione
943 1400 1238 1441 frondescente:
1264 1402 1397 1441 neutri
1424 1413 1517 1441 vero
1542 1403 1646 1453 parti
1672 1414 1746 1454 per
1769 1414 1812 1442 se

204 1511 208 1514 ,
235 1462 365 1506 ullum
390 1467 497 1506 inest
519 1466 761 1519 periculum;
787 1467 1004 1518 significari
1029 1467 1135 1506 enim
1161 1472 1315 1519 poterat
1341 1467 1474 1519 specie
1500 1465 1622 1507 altera
1655 1473 1723 1507 aut
1745 1478 1812 1519 ge·

236 1541 316 1572 nus
334 1530 523 1583 Aegisthi,
542 1533 657 1591 cuius
678 1533 718 1571 in
738 1531 920 1572 manibus
939 1537 1034 1571 tunc
1053 1533 1358 1583 Agamemnonis
1377 1533 1503 1584 scipio
1522 1539 1640 1583 esset,
1666 1533 1812 1585 sempi—

235 1599 354 1636 terno
379 1608 503 1649 regno
527 1598 768 1649 confirmari,
793 1602 861 1637 aut
885 1596 1014 1636 solum
1039 1598 1257 1650 scipionem
1283 1597 1331 1637 ah
1358 1598 1651 1649 Agamemnone
1676 1596 1811 1638 condi-

237 1665 337 1714 lum,
361 1662 388 1701 i.
407 1659 442 1702 ὸ.
463 1663 551 1702 eius
571 1664 750 1715 stirpem,
770 1662 855 1702 fore
875 1667 920 1702 ut
938 1669 1092 1703 crescat
1110 1668 1227 1715 atque
1248 1663 1398 1702 floreat.
1431 1668 1539 1703 certe
1561 1675 1608 1703 ex
1630 1675 1674 1703 ea
1693 1662 1810 1703 modo

238 1737 297 1779 re,
322 1726 428 1780 quod
453 1728 587 1779 Agam.
614 1726 744 1768 denuo
770 1729 989 1780 scipionem
1016 1727 1283 1781 reprehendit,
1308 1727 1415 1768 nulla
1442 1727 1666 1768 formidinis
1691 1740 1809 1769 causa

236 1791 472 1846 praebetur3
497 1798 538 1833 et
562 1792 663 1833 mala
689 1798 841 1833 tantum
867 1793 1055 1833 facinoris
1080 1795 1323 1834 conscientia
1349 1793 1446 1846 Clyt.
1472 1799 1731 1846 perterretur,
1756 1795 1809 1834 ita

237 1861 285 1897 ut
297 1858 539 1910 quicumque
552 1869 670 1899 casus
682 1858 861 1910 offertur,
874 1857 1011 1898 credat
1022 1855 1347 1914 periculosum¹):
1367 1860 1426 1899 sic
1439 1858 1703 1911 intellegenda
1716 1865 1811 1900 sunt

236 1921 357 1963 verba
381 1919 438 1977 (r.
455 1920 567 1978 427)
591 1921 724 1964 τοῦδε
748 1927 831 1964 τοῦ
855 1923 1004 1977 φόβου
1030 1922 1179 1978 χάριν,
1211 1936 1312 1977 quae
1344 1937 1391 1964 ex
1424 1925 1585 1977 reginae
1611 1925 1807 1965 sententia

235 1998 322 2029 rem
355 1989 569 2041 ancipitem
602 1988 766 2029 trahunt
797 1990 839 2029 in
870 1994 1024 2042 partem
1055 1989 1208 2029 malam.
1253 1989 1472 2042 eodemque
1504 1989 1620 2030 modo
1652 1989 1807 2030 Electra

231 2051 462 2106 chorusque
505 2053 645 2094 salutis
689 2066 760 2107 spe
797 2053 922 2095 elatae
959 2067 1044 2094 rem
1083 2056 1398 2107 interpretantur
1435 2054 1671 2107 secundam,
1715 2067 1806 2096 cum

232 2116 545 2171 Chrysothemis,
577 2121 726 2173 quippe
751 2132 852 2172 quae
883 2119 1140 2172 simplicioris
1171 2121 1294 2160 animi
1325 2121 1388 2171 sit,
1423 2120 1522 2160 nihil
1555 2120 1647 2160 mali
1679 2122 1807 2173 suspi-

229 2188 367 2235 cetur,
401 2190 442 2225 et
474 2184 646 2237 Electra,
672 2198 773 2238 quae
798 2185 944 2226 multos
970 2197 1041 2238 per
1072 2198 1195 2225 annos
1228 2185 1391 2226 deorum
1424 2185 1613 2225 auxilium
1645 2197 1807 2239 exspec-

233 2250 395 2302 taven-it,
422 2250 597 2291 fortuitis
622 2263 779 2303 quoque
805 2252 937 2291 causis
968 2252 1188 2303 graviorem
1221 2252 1299 2290 vim
1332 2252 1462 2290 inesse
1487 2252 1651 2302 conicit,
1683 2251 1736 2291 ita
1761 2257 1804 2291 ut

234 2315 375 2355 matris
399 2315 615 2365 somnium,
641 2316 872 2368 priusquam
899 2314 1014 2368 quale
1041 2317 1093 2355 sit
1118 2317 1362 2367 cognoverit,
1388 2317 1589 2356 existimet
1614 2314 1805 2356 indicium

230 2390 258 2420 e
283 2378 369 2421 deis
387 2380 566 2432 missum,
591 2386 632 2420 et
655 2379 761 2432 quod
786 2387 952 2421 matrem
979 2382 1253 2433 perterruerit,
1279 2380 1355 2420 sihi
1381 2382 1457 2433 ipsi
1484 2387 1763 2433 opportunum.

294 2445 421 2498 Atque
446 2446 532 2498 lpse
556 2445 667 2498 Clyt,
692 2445 788 2498 quid
814 2447 1011 2486 somnium
1037 2445 1114 2486 sibi
1140 2445 1243 2497 velit,
1270 2445 1434 2486 dubitat.
1460 2457 1581 2498 quare
1608 2458 1628 2485 a
1650 2445 1805 2485 Phoebo

232 2587 366 2625 nem
381 2588 585 2634 probabile.
619 2600 695 2635 qua.
718 2593 794 2625 arte
815 2590 1019 2635 Sophoclea
1036 2591 1182 2626 eubtilis
1203 2592 1384 2636 quaedum
1406 2591 1611 2627 continetur
1631 2591 1802 2631 sollertia.

231 2651 320 2677 eum
343 2644 455 2687 poeta
476 2653 551 2688 quo
582 2643 734 2689 propius
767 2644 979 2688 impendeat
1004 2643 1142 2679 Orestis
1168 2643 1317 2685 factum,
1349 2655 1392 2679 eo
1418 2644 1541 2679 minus
1567 2646 1720 2678 matrem
1746 2654 1803 2678 eo-

232 2704 440 2740 roremque,
466 2695 557 2740 quin
582 2696 729 2739 vindex,
754 2708 864 2742 quein
891 2696 1193 2742 exspectaverint,
1220 2699 1383 2732 mortuus
1411 2697 1469 2738 sit,
1495 2696 1605 2731 faeiat
1630 2695 1803 2731 dubitan-

233 2749 301 2792 too.
325 2758 422 2794 qnae
447 2760 503 2784 ree
529 2749 608 2785 fleri
633 2749 742 2795 plane
768 2760 839 2786 non
866 2750 987 2795 potuit
1010 2749 1082 2785 niei
1109 2750 1230 2795 priore
1256 2750 1375 2785 eomni
1403 2750 1520 2785 sonna
1545 2750 1748 2784 immutate.

295 2803 331 2845 1)
355 2802 409 2838 eie
433 2801 552 2848 ipeem
577 2802 671 2839 hanc
696 2804 815 2839 eomni
841 2804 995 2839 formem
1021 2803 1142 2839 lenem
1168 2803 1441 2848 ancipitemque
1461 2803 1589 2847 regina
1608 2801 1804 2839 sollicitate

231 2853 374 2891 nmini
398 2854 587 2901 profitetur
611 2856 685 2892 niei
711 2856 799 2893 Soli.

294 2909 330 2950 ἱ)
354 2907 438 2954 ipen
461 2908 649 2955 profitetur
673 2913 888 2955 perpetuam
914 2910 1027 2946 enimi
1056 2910 1275 2946 anxietatem
1304 2921 1334 2944 v.
1365 2912 1515 2946 'aso—2.
