2106 3320
984 145 1251 187 -4-

326 266 498 318 stellung
517 266 662 318 gerade
682 278 771 305 zum
791 265 940 305 Vorteil
958 265 1137 318 gereicht
1155 265 1296 318 haben,
1323 266 1407 305 dass
1435 265 1627 306 vielmehr
1653 266 1716 306 die
1736 271 1903 319 person·

325 332 429 372 liche
443 331 626 383 Neigung
650 331 715 370 fiir
727 330 1048 383 Betrachtungen
1075 330 1207 371 dieser
1230 330 1302 370 Art
1328 330 1403 371 den
1429 331 1591 371 Dichter
1615 331 1807 372 zuweilen
1832 344 1899 384 ge-

326 398 438 438 leitet
462 396 575 448 habe,
601 395 725 436 selbst
749 396 1004 448 fremdartige
1030 396 1309 448 Beziehungen
1334 397 1376 436 in
1404 396 1466 436 die
1487 396 1596 436 Mitte
1623 398 1756 437 seiner
1780 397 1902 437 Dich-

324 468 474 514 tungen
500 459 855 513 hincinzutragen'.
905 474 979 501 nec
1005 461 1128 501 multo
1153 467 1244 513 post
1268 458 1320 515 (a.
1344 458 1477 516 1875)
1506 461 1604 502 duae
1631 462 1811 503 eiusdem
1837 475 1901 504 ar-

325 529 505 581 gumenti
543 527 830 579 disputationes
868 527 910 566 in
947 526 1077 567 lucem
1116 532 1208 567 sunt
1246 526 1393 567 editae:
1438 527 1485 566 ab
1528 527 1573 568 R.
1605 526 1897 581 Nieberding

326 590 464 647 (Soph.
477 605 515 633 u.
531 589 627 646 Hdt)
643 597 682 632 et
701 591 770 632 Fr.
790 591 951 632 Hanna
972 589 1057 647 (die
1071 591 1349 644 Beziehungen
1363 592 1560 632 zwischen
1581 592 1698 645 Soph.
1721 606 1759 633 u.
1779 589 1900 649 Hdt);

325 659 368 698 hi
393 663 525 698 autem
551 654 807 711 (praesertim
832 654 1094 712 Nieberding)
1121 657 1277 709 longius
1302 663 1587 710 processerunt
1604 659 1647 698 in
1666 660 1899 700 imitationi-

325 724 400 764 bus
426 722 659 774 statuendis,
686 735 775 762 cum
802 735 1074 776 quaecumque
1101 735 1166 763 res
1191 724 1233 762 in
1257 725 1466 776 utriusque
1492 725 1652 776 seriptis
1686 725 1903 765 concinunt

326 791 446 830 etiam
466 788 514 829 ad
533 789 779 841 religionem,
804 788 1064 840 honestatem,
1092 801 1316 828 sermonem
1337 790 1593 840 pertinentes,
1619 789 1899 842 intellegerent

324 860 525 907 tamquam
552 866 573 893 a
598 855 749 905 tragico
775 854 935 893 haustas
962 866 1009 894 ex
1035 854 1236 893 historico.
1283 867 1360 906 quo
1380 855 1527 893 factum
1555 859 1627 906 est,
1646 859 1691 894 ut
1710 867 1790 894 una
1810 867 1902 895 cum

325 922 383 961 eis
418 919 637 959 rationibus
671 918 932 958 immoderate
968 920 1125 959 statutis
1167 923 1331 959 cunctas
1379 919 1462 958 fere
1507 919 1578 959 has
1622 919 1902 971 inquisitiones

325 986 448 1038 aliqui
484 986 560 1024 viri
598 984 704 1024 docti
741 983 916 1024 studiose
956 984 1224 1037 repudiarent,
1262 984 1371 1024 velut
1405 981 1685 1039 Fr.R1“1hl,¹)
1719 986 1788 1037 qui
1813 985 1902 1037 ipse

324 1051 473 1093 mavult
499 1052 734 1102 scriptorem
760 1062 910 1102 ponere
935 1057 1075 1102 poetae
1102 1049 1314 1089 aemulum.

384 1117 502 1168 Atqui
527 1115 620 1155 inde
640 1115 687 1155 ab
707 1115 774 1154 illo
800 1120 978 1167 tempore
999 1116 1186 1155 continuo
1214 1115 1424 1155 disseritur
1450 1116 1578 1166 capite
1597 1116 1770 1167 proprio,
1797 1109 1899 1168 quae

325 1183 499 1222 rationes
531 1182 835 1221 intercesserint
864 1182 971 1220 inter
1003 1180 1238 1232 Sophoclem
1270 1187 1309 1220 et
1334 1169 1531 1234 Hdtum.²)
1590 1182 1631 1220 in
1659 1185 1899 1220 commenta-

324 1249 395 1287 riis
422 1259 577 1299 quoque
604 1251 644 1286 et
668 1245 922 1298 compendiis
942 1246 1162 1285 sententiae
1195 1247 1365 1285 invicem
1393 1257 1605 1297 expressae
1634 1245 1763 1285 solent
1788 1245 1898 1286 exhi-

323 1312 422 1353 beri.
474 1317 611 1352 contra
645 1311 720 1351 Ed.
758 1311 914 1362 Meyer
949 1310 1234 1362 disceptatione
1261 1311 1465 1363 peculiari,
1501 1310 1596 1362 quid
1623 1310 1738 1350 ambo
1765 1310 1895 1351 credi-

326 1377 456 1418 derint
481 1383 520 1417 et
546 1377 754 1417 docuerint
780 1376 826 1416 de
853 1376 992 1416 mundi
1018 1376 1361 1429 contemplatione,
1388 1372 1677 1431 comparaviffl)
1728 1375 1800 1416 sed
1826 1375 1892 1416 ad-

322 1444 401 1484 huc
439 1443 551 1483 deest
582 1443 804 1495 inquisitio,
840 1454 916 1494 qua
948 1442 1100 1481 ratione
1142 1442 1279 1481 critica
1320 1443 1586 1494 inspiciantur
1621 1441 1767 1493 singuli
1805 1440 1894 1494 loc'i,

324 1509 469 1561 quibus
495 1509 577 1548 sive
602 1512 718 1560 poeta
744 1509 826 1547 sive
853 1508 1025 1558 scriptor
1050 1507 1149 1546 alter
1176 1519 1223 1546 ex
1249 1506 1372 1547 altero
1398 1506 1579 1546 videatur
1599 1506 1694 1558 quid
1713 1506 1895 1547 hausisse

325 1573 374 1614 ad
408 1586 479 1614 sua
514 1575 661 1625 scripta
687 1571 929 1626 exornanda3
966 1577 1006 1612 et
1031 1585 1107 1624 qua
1132 1572 1375 1623 inquiratur,
1402 1583 1498 1611 num
1524 1572 1603 1611 iam
1630 1576 1719 1611 ante
1745 1573 1895 1612 utrius-

325 1652 401 1693 que
428 1644 596 1679 aetatem
620 1638 687 1678 illa
713 1643 942 1689 argumenta
969 1639 1212 1689 exstiterint,
1239 1641 1463 1688 quantaque
1497 1649 1587 1676 cum
1619 1635 1897 1688 probabilitate

323 1706 538 1745 historicus
569 1703 767 1756 putandus
813 1704 864 1742 sit
908 1708 1045 1742 auctor
1086 1703 1240 1753 tragici.
1310 1701 1454 1754 quibus
1487 1701 1786 1753 quaestionibus
1819 1701 1895 1741 sol·

322 1770 462 1810 vendis
488 1770 560 1809 hac
586 1769 865 1809 dissertatione
892 1767 1037 1807 addere
1063 1767 1213 1819 aliquas
1240 1779 1304 1807 res
1330 1768 1578 1819 propositum
1605 1767 1703 1806 mihi
1729 1771 1801 1807 est.

323 1915 368 1953 B.
425 1914 496 1952 DE
530 1911 819 1952 SOPHOOLIS
845 1910 1237 1950 EPIGRAMMATE
1269 1911 1329 1949 IN
1354 1909 1551 1950 HEROD.
1579 1908 1892 1950 OOMPOSITO.

384 2009 509 2061 Atque
529 2013 574 2048 ut
593 2008 829 2060 incipiamus
849 2019 870 2045 e
903 2007 1017 2045 firmo
1048 2005 1271 2045 traditionis
1304 2003 1573 2055 fundamento,
1598 2005 1773 2056 primum
1799 2015 1895 2043 num

324 2073 430 2127 quod
460 2074 735 2113 testimonium
761 2072 956 2111 amicitiae
989 2072 1094 2110 inter
1120 2069 1354 2122 Sophoclem
1380 2068 1605 2120 Hdtumque
1632 2069 1754 2108 initae
1781 2080 1893 2120 aper-

324 2145 409 2179 tum
445 2138 559 2179 nobis
594 2143 751 2190 praesto
787 2139 850 2190 sit,
886 2138 1127 2189 quaerimus,
1162 2137 1347 2188 quoniam
1380 2134 1628 2174 familiaritas
1661 2147 1706 2173 ac
1732 2146 1898 2174 consue-

324 2204 419 2244 tudo
452 2205 682 2255 gravissima
714 2208 807 2242 sunt
836 2203 1093 2242 incitamenta
1125 2201 1173 2240 ad
1205 2200 1368 2240 alterius
1401 2201 1618 2239 sententias
1645 2211 1740 2239 suae
1765 2204 1897 2252 potes-

323 2271 417 2310 tatis
443 2268 655 2308 faciendas.
697 2270 871 2320 primum
898 2267 1062 2306 affertur
1087 2268 1377 2319 epigramma
1402 2264 1499 2305 illud
1528 2277 1548 2304 a
1573 2263 1784 2304 Plutarcho
1810 2276 1894 2304 ser-

323 2339 474 2386 vatum,
507 2335 574 2386 qui
605 2346 695 2374 cum
729 2333 944 2373 dissereret
976 2330 1087 2372 ‘num
1113 2333 1200 2371 seni
1226 2330 1451 2383 respublica
1477 2331 1529 2370 sit
1554 2327 1756 2381 gerenda'‚
1783 2328 1892 2369 addi-

327 2399 384 2440 dit
407 2399 527 2440 verba
554 2398 656 2454 (cap.
678 2397 705 2438 3
725 2412 762 2451 p.
785 2395 946 2452 785B):
979 2393 1102 2438 τουτὶ
1134 2392 1172 2436 δ’
1211 2391 1573 2449 ὁμολογουμένως
1605 2390 1893 2447 Σοφοκλέους

326 2462 417 2505 ἐστὶ
442 2461 870 2518 τούπιγραμμάτιον·
1303 2460 1305 2462 ’

570 2524 690 2584 ᾠδὴν
710 2525 936 2584 ἹΙροδότςο
963 2526 1114 2577 τεῦξεν
1141 2527 1377 2580 Σοφοκλῆς
1404 2522 1537 2566 ἐτέων
1565 2523 1628 2565 ὢν

570 2591 689 2635 πέντ’
723 2591 791 2634 ἐπὶ
817 2593 1099 2646 πεντήκοντα.
1176 2624 1178 2626 .

326 2662 435 2714 atqui
460 2673 555 2701 num
582 2672 626 2699 ea
652 2659 771 2699 verba
798 2659 844 2698 ab
871 2660 957 2711 ipso
983 2658 1194 2698 Plutarcho
1220 2658 1367 2709 scripta
1392 2658 1490 2708 sint,
1523 2658 1562 2695 in
1592 2654 1754 2695 dubium
1781 2665 1895 2694 voca-

388 2788 420 2831 1)
446 2786 578 2821 Philol.
599 2789 642 2820 41
673 2788 763 2820 1882
788 2797 824 2829 p.
848 2789 928 2820 75s.
971 2808 973 2811 -

385 2843 420 2884 2)
447 2839 558 2875 affero
584 2839 753 2874 Bursiani
779 2837 952 2874 Annales.

386 2895 421 2935 3)
447 2892 592 2927 Forseh.
613 2904 641 2927 z.
662 2891 724 2927 alt.
745 2890 875 2926 Gesch.
896 2891 927 2924 H
950 2894 1040 2925 1899
1059 2902 1095 2934 p.
1117 2892 1269 2925 262—8.
