2106 3320
989 229 1310 270 —122—

364 352 616 405 praedicetur
642 353 751 402 origo
777 350 1045 389 illustrissima
1073 350 1177 400 regis
1204 349 1252 387 ad
1279 348 1318 387 id
1344 348 1478 387 inulti:
1511 361 1587 400 quo
1613 349 1737 399 magis
1763 347 1931 399 Oedipo-

367 418 454 458 dem
487 417 695 469 impellunt
722 415 769 455 ad
797 415 957 454 caedem
984 413 1294 465 investigandam
1321 415 1468 465 proavi,
1500 426 1599 465 quos
1625 415 1658 452 is
1686 412 1758 453 ‘als
1784 413 1931 453 ebenso

365 483 464 522 viele
484 482 766 533 Racliegeister
791 479 1006 532 gleichsam
1032 479 1402 518 herausbeschwort
1426 478 1507 518 und
1533 478 1824 518 uben-einander
1849 478 1931 518 auf-

366 545 503 587 tiirmt’
532 544 740 600 (Ribbeck,
767 546 790 584 l.
811 542 867 599 1.).

363 615 365 618 ’
425 612 506 651 Nec
526 613 693 651 minoris
715 612 879 650 aestimo
899 610 1017 650 verba
1039 610 1143 662 Hdti,
1171 604 1238 661 qui
1259 622 1349 649 cum
1370 609 1552 649 exhibeat
1572 607 1778 662 Καδμήια
1796 607 1933 662 γράμ-

365 691 476 729 ματα
505 674 573 716 ἐπὶ
594 676 770 729 τρίποσι
791 673 908 728 τρισὶ
928 671 1277 727 ἐγκεκολαμμένα
1287 671 1334 729 ¹),
1360 679 1527 714 aetatem
1549 687 1684 714 eorum
1707 674 1845 714 definit
1862 685 1934 727 per

366 745 547 795 spatium,
581 755 657 794 quo
692 741 838 781 distent
871 741 918 780 ab
946 742 1031 792 ipso
1064 739 1227 779 Cadmo:
1266 743 1402 780 ταῦτα
1433 738 1608 792 ἡλικίην
1639 738 1694 780 ἂν
1727 741 1793 792 εἴη
1825 738 1933 780 κατὰ

365 806 508 848 Λάιον
535 830 591 847 -—.
627 809 721 846 item
755 807 869 846 alteri
902 805 1048 858 tripodi
1080 805 1217 845 adicit:
1252 802 1428 857 ἡλικίην
1458 804 1567 845 κατὰ
1602 803 1821 845 Οἰδίπουν
1855 803 1933 844 τὸν

367 873 519 913 Λαΐου.
565 875 700 912 tertio:
728 868 799 912 ἐπὶ
828 869 1146 923 Λαοδάμαντος
1170 874 1250 911 τοῦ
1271 867 1528 918 Ἐτεοκλέος.

424 939 559 990 Itaque
586 943 799 989 utrumque
826 937 955 976 locum
983 938 1044 976 sui
1071 938 1171 975 iuris
1198 948 1284 976 esse
1310 935 1543 975 iudicamus.
1576 948 1704 987 neque
1731 947 1779 974 ex
1805 947 1851 974 eo
1876 934 1934 974 ul-

366 1004 445 1044 lum
463 1004 704 1055 ximitationis
732 1007 1008 1054 argumentum
1034 1003 1116 1054 peti
1141 1007 1282 1054 potest,
1315 1001 1419 1053 quod
1446 1001 1583 1040 eodem
1611 1002 1737 1053 capite
1764 1000 1934 1040 afferun-

365 1075 430 1109 tur
463 1068 516 1108 τὰ
552 1067 763 1122 φοινίκια,
799 1080 898 1119 quae
932 1067 1146 1119 Sophocles
1179 1068 1264 1106 sine
1298 1066 1416 1106 dubio
1451 1066 1585 1106 debuit
1616 1065 1718 1105 Hdto
1750 1066 1935 1117 scriptori

365 1135 514 1187 lonico,
548 1135 733 1186 quoniam
760 1133 993 1185 plerumque
1021 1145 1098 1172 non
1126 1145 1173 1171 ex
1200 1132 1313 1172 libris
1338 1132 1518 1172 historici
1545 1133 1793 1183 conscriptis,
1818 1130 1888 1171 sed
1914 1142 1935 1170 e

366 1202 556 1240 memoria
584 1199 802 1238 fabularum
829 1211 901 1250 per
921 1198 1160 1249 colloquium
1180 1197 1425 1249 proditarum
1445 1198 1619 1248 tragicus
1640 1196 1738 1236 tales
1758 1208 1822 1235 res
1841 1195 1936 1235 hau·

367 1267 447 1305 rire
475 1265 635 1304 solebat.

907 1383 992 1439 VI.
1033 1381 1383 1438 OONOLUSIO.

426 1498 506 1537 Iam
541 1498 574 1535 si
607 1496 741 1536 oculos
768 1501 874 1535 retro
899 1496 1092 1534 vertimus
1120 1494 1167 1534 ad
1193 1496 1307 1546 viam,
1341 1506 1458 1545 quam
1490 1494 1814 1545 percucurrimus
1847 1492 1938 1532 stilo

366 1562 481 1603 modo
516 1561 687 1602 tardiore
720 1561 836 1600 modo
864 1562 1149 1612 festinantiore,
1182 1572 1300 1612 quam
1325 1559 1559 1599 brevissime
1587 1557 1866 1598 concludamus
1892 1557 1938 1597 l-i-

369 1634 455 1668 ceat
481 1640 537 1679 ea,
565 1640 663 1679 quac
693 1628 865 1667 assecuti
886 1639 972 1666 esse
993 1626 1108 1665 nobis
1128 1625 1319 1664 videmur.
1347 1617 1517 1676 namque
1539 1624 1585 1663 de
1607 1637 1652 1663 ea
1672 1625 1835 1676 ratione,
1861 1636 1939 1675 qua

368 1694 467 1733 alter
499 1706 546 1732 ex
580 1693 703 1732 altero
736 1692 917 1744 pendeat,
953 1692 1027 1731 hoc
1060 1692 1142 1730 fere
1175 1696 1305 1743 potest
1337 1691 1541 1730 constitui:
1577 1695 1714 1741 poetae
1741 1687 1937 1741 quoddam

368 1764 645 1811 argumentum
679 1758 865 1798 traditum
899 1763 983 1796 erat
1015 1769 1034 1796 a
1067 1756 1280 1809 prioribus,
1316 1757 1383 1808 qui
1410 1755 1538 1795 eidem
1563 1756 1752 1795 materiae
1778 1766 1937 1806 operam

366 1829 617 1876 navaverant3
644 1828 682 1863 et
708 1825 749 1862 in
774 1822 868 1862 Hdti
892 1822 1005 1862 libris
1032 1822 1159 1861 simile
1186 1821 1332 1873 aliquid
1365 1821 1611 1872 naharratur,
1637 1825 1704 1860 aut
1729 1821 1860 1872 potius
1886 1831 1934 1858 ex

371 1890 551 1929 historici
586 1888 886 1928 recitationibus
912 1888 972 1927 vel
999 1887 1293 1927 narrationibus
1319 1888 1481 1938 privatis
1507 1887 1682 1937 tragicus
1708 1886 1938 1925 memoriam

369 1954 524 1993 tenebat
553 1953 774 1993 fabularum
800 1955 841 1992 in
870 1953 1007 1992 eodem
1035 1952 1291 1992 fundamento
1317 1953 1535 2003 positarum
1546 1947 1598 2005 ²):
1630 1951 1701 1990 has
1726 1952 1848 2002 igitur
1874 1949 1940 1989 de-

370 2021 498 2071 signat
530 2021 678 2058 maiore
707 2024 773 2058 aut
798 2020 950 2057 minore
977 2018 1278 2070 perspicuitate,
1310 2018 1363 2056 ita
1390 2018 1474 2068 ipse
1501 2022 1616 2068 poeta
1643 2029 1685 2056 se
1713 2028 1824 2056 suam
1850 2027 1939 2054 sen-

368 2086 533 2124 tentiam
567 2084 726 2124 aliunde
758 2086 1002 2136 prompsisse
1037 2082 1183 2122 diserte
1210 2083 1429 2134 profitetur,
1463 2094 1552 2121 cum
1580 2081 1824 2121 audientium
1856 2082 1939 2120 ani·

370 2163 454 2189 mos
482 2149 628 2202 abripit
654 2149 702 2189 ad
728 2150 802 2189 alia
830 2161 990 2189 suarum
1017 2148 1295 2188 condicionum
1321 2147 1509 2199 exempla.
1545 2147 1652 2186 velut
1672 2146 1766 2186 dicit
1786 2145 1842 2185 El.
1864 2143 1940 2185 62:

367 2214 451 2267 ἥδη
480 2214 561 2268 γὰρ
590 2210 714 2255 εἶδον
738 2212 952 2262 πολλάκις
978 2237 1021 2241 -
1049 2219 1088 2253 et
1114 2213 1209 2253 Oed.
1235 2213 1328 2265 Reg.
1356 2210 1460 2252 981:
1492 2210 1648 2252 πολλοὶ
1674 2210 1757 2263 γὰρ
1783 2209 1866 2263 ἤδη
1897 2232 1934 2239 -

369 2286 408 2319 et
427 2280 565 2319 Tracli.
589 2278 632 2319 1:
660 2279 789 2332 λόγος
810 2275 890 2333 μὲν
910 2276 994 2319 ἔστ’
1023 2276 1204 2333 ἀρχαῖος
1223 2275 1478 2332 ἀνθρώπων
1498 2277 1664 2330 φανείς.
1691 2278 1812 2316 immo
1831 2277 1939 2315 omni

370 2345 565 2385 evidentia
598 2345 855 2397 perducimur
881 2344 929 2384 ad
961 2346 1109 2384 fontem
1143 2345 1387 2395 historicum,
1420 2344 1454 2382 si
1479 2341 1614 2394 populi
1640 2341 1844 2381 cuiusdam
1870 2353 1939 2381 no-

370 2423 459 2450 men
482 2411 647 2449 affertur
667 2416 867 2462 tamquam
882 2410 1049 2450 alicuius
1065 2411 1186 2449 moris
1202 2408 1443 2461 exemplum,
1464 2407 1570 2447 velut
1584 2404 1680 2446 Oed.
1696 2406 1776 2446 Col.
1791 2402 1875 2447 337
1890 2419 1939 2446 s.:

369 2560 438 2593 pus
468 2553 575 2591 1861;
610 2549 754 2593 epikrit.
787 2548 953 2583 Bemerk.
987 2561 1050 2582 zur
1074 2548 1302 2593 Konigsrede
1334 2547 1385 2580 im
1412 2545 1493 2582 Oid.
1520 2546 1603 2590 Tyr.
1634 2546 1751 2591 1870),
1783 2545 1823 2580 B.
1845 2543 1940 2579 Todt

371 2603 485 2646 (Zsch.
512 2602 536 2637 f.
560 2602 810 2646 Gymn.-Wes.
834 2605 924 2636 1867
939 2613 974 2646 p.
991 2602 1086 2646 221),
1112 2601 1342 2635 Herwerden.
1370 2600 1494 2634 contra
1513 2599 1746 2634 Bellermann
1772 2597 1874 2644 (Oed.
1894 2597 1937 2633 R.

370 2657 426 2691 ed.
445 2655 459 2675 ³
486 2658 576 2690 1889
602 2667 637 2699 p.
662 2659 728 2689 160
755 2656 802 2690 ad
827 2667 860 2690 v.
889 2656 1066 2699 246—51)
1094 2654 1259 2689 consistit
1283 2654 1321 2687 in
1347 2653 1480 2687 tradito
1507 2663 1678 2687 versuum
1705 2652 1842 2687 ordine.

432 2711 464 2754 1)
491 2709 626 2753 quibus
648 2710 692 2743 de
714 2708 988 2753 epigrammatis
1010 2708 1183 2742 disseruit
1201 2707 1266 2742 Th.
1285 2706 1452 2751 Praeger,
1474 2706 1519 2740 de
1539 2706 1654 2751 epigr.
1676 2706 1829 2751 graecis,
1850 2704 1937 2740 diss.

371 2766 461 2796 1889
487 2774 522 2806 p.
546 2766 623 2797 137.

430 2817 464 2860 2)
491 2818 532 2849 ut
551 2815 701 2850 afferam
722 2815 884 2849 Classeni
905 2815 1018 2849 verba
1039 2814 1192 2849 dicentis
1214 2816 1261 2859 (p.
1285 2815 1382 2859 111):
1412 2813 1487 2847 ‘die
1508 2812 1643 2848 Stellen
1664 2813 1747 2847 sind
1765 2812 1938 2847 meistens

369 2880 440 2902 von
468 2869 531 2902 der
551 2868 627 2910 Art,
654 2869 723 2903 dass
751 2868 948 2912 allgemein
967 2868 1213 2902 menschliche
1234 2867 1376 2911 Beziige
1403 2866 1517 2900 durch
1537 2867 1597 2901 die
1615 2866 1858 2910 Hinweisung
1876 2863 1943 2899 auf

369 2922 448 2955 fern
481 2921 700 2965 abliegende
726 2921 974 2956 Verh'altnisse
1006 2933 1050 2955 zu
1082 2922 1183 2955 einer
1213 2921 1388 2965 grosseren
1414 2919 1739 2954 Anschaulichkeit
1763 2917 1941 2963 gebracht

372 2974 482 3009 sind’.
