2106 3320
1018 144 1314 186 —93—

382 272 420 306 et
446 280 478 306 ν.
499 263 663 306 436-9
692 261 849 320 (eisque
874 266 1038 317 vitiosis,
1066 266 1113 304 cf.
1135 265 1286 304 Bruhni
1312 261 1437 320 adn.):

667 327 733 383 ἅμ’
765 328 904 384 ἡδέως
931 330 1077 382 ἔμοιγε
1103 327 1344 382 κάλγεινῶς
1371 329 1467 383 ἅμα.

667 395 716 436 τὸ
742 392 823 448 μὲν
850 394 933 448 γὰρ
962 393 1099 436 αὐτὸν
1126 392 1173 435 ἐκ
1198 401 1345 436 κακῶν
1369 393 1638 449 πεφευγέναι

666 460 862 513 ἥδιστον,
891 458 934 508 ἐς
960 459 1098 501 κακὸν
1124 456 1172 501 δὲ
1198 460 1302 509 τοὺς
1327 459 1487 515 φίλους
1512 460 1637 514 ἄγειν

666 523 884 578 ἀλγεινόν.

382 598 420 632 81
457 592 573 631 111οά0
619 591 820 631 simillimo
859 591 953 631 Oed.
997 591 1076 631 Col.
1114 589 1339 644 337-41,
1374 592 1518 644 quibus
1558 592 1605 632 de
1642 592 1824 632 versibus
1861 605 1951 632 mox

381 671 554 710 agemus.
565 654 598 713 1)

383 834 468 888 IV.
506 833 584 887 DE
613 832 815 888 REBUS
848 832 930 887 AD
959 831 1138 887 ORBIS
1166 832 1508 888 TERRARUM
1533 831 1952 888 COGNITIONEM

929 926 1411 989 SPEOTANTIBUS.

534 1077 581 1115 A.
608 1076 681 1114 DE
709 1075 1054 1115 GOGNITIONIS
1080 1075 1498 1115 GEOGRAPHIOAE
1527 1075 1791 1115 GIROUITU.

439 1176 576 1217 Restat
605 1189 684 1216 11113
715 1188 856 1228 magna
891 1177 1094 1228 provincia
1119 1175 1300 1215 historici
1326 1176 1582 1227 vestigiorum
1608 1175 1658 1215 ad
1683 1187 1748 1215 res
1781 1170 1880 1229 (non
1905 1174 1954 1214 ad

379 1237 587 1296 vocabula)
615 1242 917 1293 pertinentium:
952 1240 1039 1280 dico
1066 1240 1332 1293 condiciones,
1359 1243 1587 1293 sententias,
1614 1241 1952 1281 commemoratio-

379 1320 451 1347 nes
483 1308 525 1346 in
552 1306 831 1358 geographiam
864 1311 1099 1358 spectantes.
1138 1318 1212 1345 nec
1245 1318 1338 1345 vero
1370 1318 1504 1345 meum
1531 1312 1591 1345 est
1617 1311 1799 1346 accurate
1825 1306 1953 1346 consi-

381 1373 532 1424 derare,
565 1371 659 1424 quid
686 1371 803 1423 Soph.
831 1371 878 1411 de
914 1371 1008 1410 orbe
1035 1377 1233 1410 terrarum
1260 1372 1461 1422 cognitum
1486 1371 1671 1411 hahuerit
1695 1376 1736 1411 et
1760 1383 1879 1423 quem
1905 1370 1954 1410 ad
2027 1382 2029 1385 ’

379 1437 540 1477 modum
573 1442 763 1489 congruat
796 1449 885 1477 cum
914 1436 1006 1476 Hdti
1031 1437 1183 1476 notitiis
1211 1436 1257 1476 de
1283 1438 1422 1477 mundi
1449 1436 1678 1488 regionibus
1705 1436 1816 1476 datis.
1857 1437 1953 1476 satis

379 1516 486 1543 nunc
505 1503 630 1543 habeo
658 1504 809 1542 animos
837 1502 1018 1554 delegare
1044 1502 1093 1542 ad
1120 1502 1215 1542 duas
1243 1503 1543 1543 dissertationes
1569 1515 1590 1542 a
1615 1500 1797 1542 Mauritio
1822 1501 1951 1542 Waiss

381 1570 636 1621 compositas,
669 1580 838 1620 quarum
864 1567 985 1607 altera
1013 1569 1195 1620 exposuit
1230 1567 1277 1607 de
1310 1567 1468 1620 Europa
1494 1567 1542 1607 ad
1568 1566 1816 1607 occidentem
1842 1572 1881 1607 et
1906 1565 1954 1606 ad

383 1635 673 1686 septentriones
722 1634 795 1673 sita
834 1632 930 1685 quid
968 1633 1205 1673 tradiderint
1243 1633 1359 1685 Soph.
1399 1638 1439 1673 et
1475 1633 1609 1685 Eurip.
1648 1627 1798 1686 (progr.
1839 1629 1953 1671 1903

380 1712 417 1751 p.
440 1695 614 1754 3—17);
650 1700 763 1738 cuius
797 1711 949 1738 summa
977 1704 1038 1738 est
1061 1699 1159 1738 haec
1186 1694 1243 1752 (p.
1264 1695 1330 1753 9):
1363 1698 1595 1751 Sophoclem
1623 1697 1670 1737 de
1694 1697 1830 1738 ltaliae
1856 1697 1954 1737 Sici—

382 1765 535 1816 liaeque
555 1764 735 1816 partibus
755 1764 898 1803 melius
918 1766 1143 1803 institutum
1164 1764 1288 1803 fuisse
1310 1777 1426 1816 quam
1445 1765 1618 1817 priores3
1652 1765 1772 1802 immo
1797 1762 1955 1815 Euripi-

386 1830 446 1869 dis
479 1828 747 1868 notationihus
783 1829 829 1869 de
856 1835 1053 1869 terrarum
1079 1831 1303 1881 cognitione
1331 1830 1566 1881 comparatis
1592 1834 1730 1869 auctor
1754 1826 1959 1868 contendit

384 1891 439 1948 (p.
470 1891 563 1949 16):
601 1893 803 1933 ‘wahrend
839 1907 883 1934 es
918 1896 991 1934 mit
1028 1894 1162 1946 Eurip.
1199 1894 1466 1933 Kenntnissen
1497 1907 1572 1933 von
1604 1894 1742 1933 Italien
1775 1893 1956 1933 ziemlich

382 1960 559 1999 schlecht
584 1959 742 1999 bestellt
762 1961 826 2012 ist,
853 1972 896 1998 so
917 1960 1020 1999 muss
1041 1972 1115 1998 von
1131 1959 1248 2010 Soph.
1271 1959 1339 1998 das
1360 1959 1503 2010 gerade
1518 1958 1723 2011 Gegenteil
1741 1958 1956 2010 behauptet

381 2024 554 2076 werden,
575 2026 647 2064 wie
669 2037 711 2064 es
728 2025 768 2076 ja
789 2025 888 2064 auch
909 2025 1018 2064 nicht
1039 2024 1183 2064 anders
1203 2037 1250 2063 zu
1271 2029 1463 2063 erwarten
1484 2025 1536 2063 ist
1549 2036 1623 2062 von
1638 2025 1768 2063 einem
1782 2023 1954 2074 Dichter,

382 2091 452 2130 der
481 2090 572 2142 jede
607 2089 864 2141 Gelegenheit
896 2089 1068 2142 benutzt,
1103 2102 1171 2129 um
1203 2089 1430 2141 sorgfaltige
1464 2089 1788 2140 Schilderungen,
1823 2100 1954 2140 geogr.

382 2156 546 2195 Notizen
573 2153 889 2195 einzussechten’.
927 2161 966 2194 81
991 2155 1113 2194 altera
1143 2155 1189 2194 de
1217 2156 1298 2194 oris
1318 2154 1432 2193 Ponti
1451 2154 1595 2193 Euxini
1615 2154 1871 2205 inquisitione
1892 2148 1954 2207 (111

382 2221 491 2261 Stud.
527 2220 689 2260 Vindoh.
727 2218 783 2260 26
822 2216 978 2275 (1904)
1009 2217 1110 2275 1-13)
1148 2220 1195 2259 ad
1229 2221 1335 2259 hunc
1374 2221 1522 2259 exitum
1556 2220 1737 2271 pervenit
1772 2214 1828 2273 (p.
1861 2215 1954 2274 13):

382 2284 424 2325 ‘3
453 2286 736 2338 Zeitgenossen
765 2286 833 2325 des
860 2286 990 2338 Soph.,
1023 2284 1049 2325 2
1077 2286 1219 2325 altere:
1252 2285 1398 2325 Pindar
1422 2285 1504 2324 und
1528 2283 1744 2336 Aischylos,
1777 2285 1842 2323 ein
1864 2284 1954 2335 jun-

382 2364 513 2403 gerer:
541 2351 794 2391 Antimachos
814 2351 1004 2402 huldigen
1024 2351 1126 2390 noch
1148 2350 1222 2390 den
1243 2350 1358 2402 alten,
1383 2349 1632 2402 mythischen
1652 2348 1956 2401 Vorstellungen

382 2430 468 2456 vom
503 2417 730 2456 entsernten
764 2416 898 2467 Osten,
935 2416 1153 2468 Sophokles
1185 2416 1381 2467 hingegen
1411 2430 1459 2453 ο-
1491 2416 1542 2454 ist
1574 2415 1695 2454 sehon
1728 2413 1956 2454 beeinssurst

431 2575 465 2618 1>
485 2573 644 2617 denique
671 2572 782 2621 affero
808 2572 921 2607 verba
945 2573 1033 2607 Hdti
1060 2572 1155 2619 1130:
1187 2571 1427 2617 Ψαμμήτιχος
1446 2593 1491 2597 —
1512 2570 1708 2607 ἀπολιπεῖν
1734 2572 1803 2607 οὐκ
1823 2570 1866 2606 ἔα
1890 2571 1955 2606 καὶ

380 2625 492 2661 τέκνα
518 2627 582 2661 καὶ
610 2632 801 2670 γυναῖκας.
829 2628 902 2661 τῶν
929 2625 972 2661 δέ
996 2639 1080 2661 τινα
1107 2625 1249 2670 λέγεται
1275 2625 1433 2667 δέξαντα
1458 2625 1499 2659 τὸ
1526 2625 1675 2660 αἰδοῖον
1700 2624 1830 2668 εἰπεῖν,
1857 2624 1955 2660 ἔνθα

382 2677 429 2713 ἂν
456 2685 564 2714 τοῦτο
591 2676 624 2726 ᾖ,
653 2678 805 2714 ἔσεσθαι
831 2679 976 2715 αὐτοῖσι
1003 2681 1172 2715 ἐνθαῦτα
1198 2679 1262 2714 καὶ
1286 2678 1398 2714 τέκνα
1424 2678 1488 2713 καὶ
1514 2683 1706 2723 γυναῖκας.
1727 2677 1786 2712 cui
1812 2679 1954 2713 senten-

379 2734 453 2767 tiae
486 2733 615 2768 eadem
647 2733 843 2767 infantium
878 2733 916 2766 in
953 2733 1074 2768 futuro
1103 2732 1373 2777 gignendorum
1405 2731 1577 2776 cogitatio
1611 2731 1775 2767 subiecta
1805 2732 1874 2773 est;
1907 2730 1955 2765 ad

380 2786 415 2820 h.
444 2786 467 2820 1.
498 2786 742 2821 Wiedemann
774 2786 847 2820 alia
882 2786 1049 2830 exempla.
1080 2785 1184 2821 affert
1220 2785 1434 2828 mulierum,
1473 2796 1567 2829 quae
1598 2785 1637 2819 in
1674 2787 1819 2820 uterum
1851 2795 1952 2820 mon—

381 2841 533 2874 strantes
561 2839 688 2873 dicunt
712 2839 764 2873 ibi
791 2839 959 2873 abditum
985 2850 1064 2874 esse
1090 2839 1218 2882 filium,
1244 2840 1285 2873 ut
1309 2838 1421 2873 Tacit.
1442 2838 1534 2873 Hist.
1550 2841 1610 2885 2„
1633 2838 1727 2873 Ann.
1749 2841 1834 2885 1433
1858 2836 1962 2872 Plut:

380 2892 506 2926 moral.
533 2904 568 2935 p.
597 2895 662 2925 241
680 2892 720 2934 B,
748 2895 815 2926 246
831 2892 872 2926 A.
