2106 3320
969 198 1294 239 -116-

338 320 528 372 phocleus
554 324 748 371 quatenus
775 331 864 359 cum
892 318 1155 370 scriptoribus
1180 318 1325 358 Ionicis
1352 324 1555 371 congruat,
1592 319 1749 360 differat
1773 320 1822 360 ab
1847 321 1914 360 At-

341 382 457 424 ticis’.
496 385 530 424 is
557 385 662 424 enim
690 385 863 436 primum
889 382 1056 423 collocat
1083 378 1139 437 (p.
1167 379 1214 438 6)
1242 396 1289 423 ea
1315 383 1515 436 vocabula,
1549 397 1649 436 quae
1675 397 1766 425 cum
1790 387 1914 438 perti-

338 454 459 489 neant
484 449 533 489 ad
558 448 749 489 barbarae
776 449 941 500 originis
967 450 1243 501 instrumenta,
1271 448 1457 488 facillime
1484 450 1761 490 existimantur
1780 463 1913 503 sump-

337 519 399 554 tae
434 514 481 554 ab
507 514 610 554 Hdto
636 516 761 554 amico
786 513 1063 569 πολυτρόπῳ.
1103 526 1202 566 quae
1229 515 1328 554 ratio
1355 514 1466 554 valde
1494 514 1731 567 defenditur,
1764 517 1799 556 si
1823 515 1914 558 illae

337 592 454 620 voces
480 578 583 632 apud
610 581 809 619 neminem
835 581 1015 631 priorum
1042 579 1196 632 obviam
1223 580 1323 619 fiunt
1349 592 1478 632 neque
1499 593 1588 620 cum
1610 586 1718 620 certe
1737 582 1914 633 peregri-

337 658 411 685 nae
438 646 528 697 sint‚
554 645 759 698 ponendae
786 650 879 685 sunt
904 657 976 696 per
1003 657 1045 684 se
1073 646 1263 696 cognitae.
1300 646 1357 684 sic
1377 645 1597 685 Wittekind
1623 658 1670 686 ex
1691 645 1793 686 Hdto
1817 646 1914 687 hau-

338 716 397 750 sta
430 723 517 751 esse
545 712 731 762 opinatur
754 711 852 750 haec
878 710 1067 751 vocabula
1094 706 1319 765 externa¹):
1354 707 1562 763 ἀκινάκης
1589 713 1671 751 sive
1697 710 1916 765 κινάκης

337 778 362 815 i.
389 789 422 816 e.
449 776 643 828 gladiolus
677 776 874 828 Persicus,
910 777 979 827 qui
1011 775 1115 828 apud
1139 775 1287 815 Hdtum
1320 777 1477 828 saepius
1510 776 1668 831 legitur,
1703 777 1820 829 Soph.
1847 777 1913 818 ad-

337 843 446 881 misit
472 842 518 882 fr.
539 839 644 895 9583
672 840 889 894 σινδών,
916 841 1021 893 quod
1048 846 1109 881 est
1134 846 1200 881 aut
1219 841 1399 881 Indicum
1418 841 1652 882 vocabulum
1678 847 1745 882 aut
1763 843 1913 895 Aegyp-

336 909 437 947 tium
463 920 534 960 pro
563 907 697 959 linteo,
735 911 862 947 exstat
889 906 992 959 apud
1018 906 1164 946 Hdtum
1198 907 1214 946 Ι
1241 904 1328 946 200
1359 907 1392 946 ll
1419 905 1488 959 86,
1509 903 1565 947 95
1591 907 1656 946 VII
1679 905 1777 960 181,
1810 907 1915 960 apud

339 973 456 1025 Soph.
482 973 611 1024 Antig.
642 970 767 1012 1222.
796 994 840 1000 —
868 972 970 1011 adici
995 977 1163 1024 possunt
1189 984 1234 1012 ea
1253 972 1454 1024 vocabula,
1480 985 1581 1024 quae
1608 985 1846 1025 quamquam
1871 974 1914 1013 in

338 1040 435 1090 ipsis
467 1038 562 1078 Hdti
589 1037 703 1077 libris
728 1050 807 1078 non
834 1039 1101 1090 inveniuntur,
1137 1042 1268 1077 tamen
1295 1050 1385 1077 cum
1413 1043 1592 1090 spectent
1617 1039 1659 1077 in
1684 1043 1822 1090 gentes
1847 1050 1913 1078 ex-

337 1109 483 1156 ternas,
518 1105 604 1144 eius
631 1103 810 1143 redolent
836 1105 1129 1143 auctoritatem:
1161 1108 1362 1156 tamquam
1388 1104 1552 1155 vestigia
1579 1116 1673 1155 ergo
1700 1109 1793 1144 sunt
1817 1105 1908 1144 coti·

338 1169 476 1210 dianae
498 1169 810 1210 consuetudinis.
838 1169 1017 1220 exempla
1032 1170 1153 1208 affero
1169 1168 1304 1221 Chrys.
1319 1166 1423 1209 668:
1437 1165 1751 1217 τὰςἙκαταίας
1763 1168 1914 1222 μαγί-

337 1233 429 1283 dag
448 1231 693 1290 dopnoev²);
714 1235 759 1274 fr.
772 1232 858 1274 962
874 1235 954 1274 λιτ
967 1248 1025 1288 ρο
1039 1234 1230 1282 σκόπος
1245 1234 1374 1286 glossa
1390 1234 1590 1274 Sicilica
1609 1231 1719 1290 est-⁹³)
1747 1233 1913 1275 eandem

337 1302 379 1340 in
406 1300 582 1340 Siciliam
610 1300 793 1342 ducimur
816 1300 911 1340 Oed.
928 1299 1007 1339 Col.
1023 1297 1130 1339 312:
1157 1302 1198 1339 A
1208 1299 1413 1347 ι’τναίας
1439 1296 1508 1340 ἐπὶ
1533 1298 1685 1340 πώλου
1710 1299 1914 1353 βεβῶσαν

337 1361 441 1419 (scil.
457 1361 698 1419 Ἰσμήνην),
725 1364 892 1417 Aquant.
908 1363 1012 1404 611:
1040 1363 1160 1418 ὄχοις
1180 1362 1559 1405 Ἀκεσταίοισιν
1585 1362 1777 1418 ἐμβεβὼς
1797 1363 1914 1405 πόδα

335 1432 360 1470 i.
388 1443 421 1470 e.
448 1431 701 1478 Σικελικοῖς
732 1426 999 1485 ὀχήμασιν.4)
1040 1431 1111 1470 has
1143 1430 1191 1470 ad
1226 1442 1291 1470 res
1324 1435 1530 1482 equestres
1562 1431 1763 1482 pertinent
1794 1431 1914 1470 etiam

335 1493 624 1550 τέθριπποι
657 1491 928 1551 Λιβύων5),
968 1495 1015 1536 de
1051 1495 1195 1548 quibus
1229 1495 1344 1548 paulo
1378 1497 1601 1535 accuratius
1635 1495 1913 1536 disserendum

336 1567 408 1613 est,
443 1574 682 1614 quamquam
715 1561 860 1600 talibus
894 1560 941 1601 de
972 1561 1176 1601 vocabulis
1210 1561 1257 1601 ad
1289 1561 1397 1601 orbis
1422 1566 1620 1601 terrarum
1647 1562 1913 1613 cognitionem

335 1627 606 1679 spectantibus
633 1628 732 1666 certi
759 1628 971 1679 quicquam
997 1629 1061 1666 vix
1087 1632 1218 1679 potest
1245 1627 1361 1666 effici.

395 1692 572 1745 Namque
601 1694 776 1744 tragicus
803 1692 910 1732 illius
937 1705 1130 1744 equorum
1157 1692 1359 1744 curriculi,
1392 1691 1497 1745 quod
1523 1691 1792 1744 paedagogum
1818 1692 1913 1732 facit

337 1771 469 1798 coram
490 1758 774 1810 Clytaemestra
794 1758 842 1798 ad
862 1759 1046 1798 nuntium
1067 1758 1220 1798 Orestis
1240 1759 1388 1798 mortui
1407 1757 1744 1810 comprobandum
1764 1757 1913 1809 fingen-

335 1828 426 1875 tem,
459 1825 565 1864 inter
597 1823 734 1863 decem
767 1824 910 1864 rivales
944 1824 1114 1875 appellat
1146 1821 1228 1864 δύο
1263 1822 1434 1876 Λίβυας
1470 1823 1675 1875 ζυγωτῶν
1707 1820 1913 1877 ἁρμάτων

335 1885 566 1936 ἐπιστάτας
592 1884 669 1944 (El.
693 1885 811 1943 702).
838 1901 959 1941 quare
986 1890 1164 1941 quamvis
1183 1889 1444 1929 Athenienses
1471 1887 1617 1928 ἵππων
1641 1885 1823 1943 τρέφειν
1847 1884 1914 1928 τέ-

336 1955 539 2007 θριππον
565 1956 661 1994 satis
688 1967 888 2006 superque
915 1950 1190 2010 adamarintss),
1218 1960 1350 1994 tamen
1375 1955 1506 2006 ipsum
1526 1953 1674 1994 Hdtum
1700 1953 1913 2006 quadrigas

400 2041 432 2084 1)
459 2041 603 2083 praeter
635 2051 688 2082 ea,
723 2051 817 2083 quae
842 2040 915 2074 iam
950 2051 1061 2084 supra
1098 2040 1287 2075 attulimus
1327 2051 1346 2074 e
1383 2039 1607 2082 pastoribus,
1641 2039 1720 2075 Hel.
1747 2038 1912 2084 Nuptiis,

336 2092 583 2135 Andromeda,
609 2092 744 2128 Troilo.

396 2147 430 2191 2)
457 2157 531 2191 quo
557 2148 698 2191 spectat
722 2146 912 2181 Helladius
939 2147 1040 2190 apud
1059 2146 1231 2182 Photium
1251 2146 1340 2182 bibl.
1361 2158 1396 2190 p.
1419 2149 1487 2181 533
1507 2146 1530 2180 b
1554 2149 1614 2180 1οε
1641 2145 1664 2190 ἡ
1690 2145 1801 2191 μαγὶς
1826 2145 1910 2181 ἀντὶ

333 2203 400 2244 τῆς
424 2199 606 2244 τραπέζης
630 2199 891 2244 Αἰγύπτιον
917 2197 1019 2242 δόξει
1044 2200 1109 2234 καὶ
1134 2201 1323 2241 παντελῶς
1348 2199 1549 2244 ἔκθεσμον·
1574 2196 1802 2245 Ἐπίχαρμος
1826 2198 1868 2234 δὲ
1889 2197 1910 2234 ὁ

335 2253 506 2297 Δωριεὺς
537 2253 602 2288 καὶ
633 2251 816 2297 Κερκίδας
848 2251 868 2288 ὃ
900 2253 1098 2298 μελοποιὸς
1124 2253 1184 2288 ἐπὶ
1209 2259 1274 2299 τῆς
1300 2253 1414 2298 αὐτῆς
1439 2249 1612 2294 διανοίας
1636 2251 1840 2298 ἐχρήσαντο
1865 2257 1910 2299 τῇ

334 2306 439 2351 λέξει,
465 2307 531 2342 καὶ
557 2306 630 2352 μὴν
655 2307 719 2342 καὶ
745 2305 764 2342 ὁ
787 2304 945 2346 Ἀττικὸς
969 2308 1180 2351 Σοφοκλῆς.

396 2362 430 2405 3)
458 2361 500 2396 cf.
522 2360 673 2405 Rogers,
699 2360 820 2396 Amer.
841 2360 965 2395 Journ.
987 2360 1028 2394 of
1042 2359 1107 2396 Ph.
1129 2363 1173 2395 25
1197 2363 1286 2395 1904
1306 2371 1342 2404 p.
1365 2363 1431 2394 287
1444 2359 1486 2394 A.
1508 2380 1553 2385 —
1580 2360 1704 2394 contra
1729 2359 1908 2405 βρῦτος·

335 2412 508 2457 κρίθινος
540 2410 642 2453 οἶνος
673 2414 820 2448 obviam
852 2413 894 2448 fit
918 2414 994 2448 iam
1020 2413 1171 2458 Triptol.
1199 2417 1279 2456 553,
1311 2415 1352 2447 ut
1377 2413 1476 2457 apud
1501 2412 1632 2447 Aesch.
1659 2411 1813 2457 Lycurg.
1842 2415 1909 2447 124

335 2469 371 2501 et
396 2467 667 2503 Archilochum.
696 2468 806 2502 etiam
838 2466 1048 2512 Τυρσηνικὴ
1077 2466 1230 2513 σάλπιγξ
1257 2466 1371 2513 (Aiac.
1402 2467 1458 2511 17)
1484 2466 1634 2501 laudata
1659 2467 1739 2500 erat
1762 2466 1838 2501 iam
1862 2466 1909 2501 ab

336 2520 517 2564 Aeschylo
542 2521 695 2556 Eumen.
724 2525 804 2564 570,
831 2529 872 2555 ut
897 2521 942 2555 ab
969 2521 1094 2565 Eurip.
1121 2521 1257 2556 Phoen.
1288 2524 1376 2555 1377
1405 2522 1441 2555 et
1465 2520 1504 2554 in
1529 2519 1651 2554 Rheso
1678 2522 1757 2555 988.
1798 2518 1907 2564 Soph.

335 2573 459 2608 Inachi
486 2577 554 2608 248
581 2586 613 2609 v.
642 2578 679 2608 4:
711 2577 936 2618 Τυρσηνοῖσι
962 2576 1167 2619 Πελασγοῖς
1192 2573 1451 2618 exscripsimus
1478 2573 1554 2607 iam
1580 2583 1691 2618 supra
1714 2584 1750 2617 p.
1771 2575 1851 2620 834.

397 2629 431 2671 4)
459 2626 656 2670 κάνθαρος
687 2633 761 2663 τῶν
786 2626 978 2663 Αἰτναίων
1011 2628 1209 2662 adhibetur
1234 2639 1256 2662 a
1281 2627 1460 2672 Sophocle
1485 2625 1637 2662 Daedal.
1668 2629 1747 2670 165,
1778 2625 1909 2662 Aesch.

335 2679 480 2725 Sisyph.
506 2681 635 2725 Lapid.
663 2684 744 2725 233,
770 2682 954 2726 Aristoph.
981 2681 1063 2716 Pac.
1086 2684 1140 2716 73.
1191 2681 1287 2717 addo
1313 2679 1423 2725 Soph.
1445 2678 1521 2715 Ὀδ.
1547 2680 1687 2715 ἀκανθ.
1733 2682 1820 2715 419:
1845 2693 1910 2724 νη-

335 2734 403 2774 δὺς
429 2734 640 2770 ἐλαιάεσσα·
668 2734 814 2779 Σικελή.

396 2789 430 2831 5)
445 2798 489 2822 ex
499 2787 624 2831 Eurip.
641 2787 752 2823 affero
766 2788 877 2832 Hipp.
889 2792 997 2823 1131:
1011 2787 1133 2824 οὐκέτι
1142 2785 1317 2832 συζυγίαν
1328 2784 1513 2822 πώλωνἘ
1523 2801 1544 2821 ν
1554 2799 1597 2822 ετ
1607 2791 1660 2821 ἄν
1674 2785 1843 2832 ἐπιβάσει
1851 2806 1908 2821 -.

396 2842 430 2886 6)
458 2841 501 2876 ef.
536 2841 720 2885 Aristoph.
753 2841 850 2876 Nub.
880 2845 1031 2885 15—32‚
1059 2845 1115 2884 74,
1142 2844 1223 2883 243,
1251 2844 1360 2882 14073
1395 2840 1447 2875 ita
1478 2839 1644 2875 Athenae
1676 2851 1699 2875 a
1729 2839 1909 2884 Sophocle

336 2893 439 2939 (Oed.
462 2893 535 2929 Col.
559 2895 640 2939 711)
666 2895 925 2939 praedicantur
951 2894 1115 2939 εὔιπποι,
1142 2894 1312 2936 stamma,
1339 2895 1375 2928 et
1398 2893 1658 2928 Erichthonius
1683 2893 1790 2928 heros
1816 2892 1909 2927 Atti-

336 2957 400 2981 cus
427 2947 626 2992 quadrigas
652 2948 793 2992 primus
819 2948 1023 2983 instituisse
1048 2948 1242 2983 ferebatur.
