2106 3320
955 189 1278 231 —112—

329 313 513 364 idemque
550 313 828 351 constituimus
862 309 908 350 de
940 310 1146 349 Pastorum
1179 308 1326 361 fabula,
1361 310 1423 348 cui
1458 310 1492 348 si
1523 307 1723 361 φοινίκιαι
1754 321 1898 362 suppo-

332 383 483 418 nuntur
513 379 590 416 iam
623 379 797 427 inventa,
837 388 927 415 cum
961 387 1102 415 scaena
1134 376 1209 414 sita
1242 376 1293 414 sit
1324 375 1366 413 in
1397 375 1526 426 primo
1558 373 1799 414 Graecorum
1831 387 1898 427 ap-

329 443 459 496 pulsu,
485 442 648 482 Aulideo
675 443 753 481 otio
782 441 986 481 debentur.
1024 440 1130 480 unde
1150 452 1245 479 num
1265 441 1341 479 ista
1361 438 1562 492 φοινίκια
1581 439 1800 479 revocanda
1819 440 1900 479 sint

330 508 378 548 ad
399 508 569 560 aliquam
590 507 831 547 Graecorum
852 505 1072 559 epistulam,
1099 505 1313 545 decernere
1339 517 1419 544 non
1444 504 1579 544 audeo,
1618 504 1771 544 accedit
1795 504 1900 556 quod

330 574 553 614 litterarum
586 574 760 613 inventio
795 572 967 623 disiungi
999 584 1078 611 non
1109 576 1240 623 potest
1270 584 1291 610 a
1322 570 1426 610 ludis
1460 569 1589 610 eidem
1614 569 1813 609 Palamedi
1844 575 1899 610 at-

329 639 503 679 tributis.
542 638 625 678 ludi
651 643 782 678 autem
809 643 892 677 arte
918 637 1131 676 cohaerent
1156 649 1245 681 cum
1273 637 1385 688 fame,
1412 648 1488 688 qua
1508 635 1652 674 Achaei
1672 635 1900 687 opprimun-

331 710 408 757 tur,
441 706 483 744 in
516 704 638 744 altera
671 703 832 756 quidem
864 702 1088 742 traditionis
1119 707 1242 754 parte.
1281 714 1373 741 nam
1404 702 1446 740 in
1473 701 1590 753 Soph.
1613 697 1795 751 Palam.¹)
1821 712 1901 740 non

333 771 464 823 λιμοῦ
491 769 561 809 sed
587 767 742 821 ἀργίας
768 767 873 816 ἄκος
900 758 1129 820 comparant
1154 767 1254 820 ludi3
1288 771 1428 807 contra
1455 765 1579 817 λιμός
1606 770 1768 805 sanatur
1790 770 1836 805 ut
1859 767 1901 804 in

333 835 488 888 Cypriis
498 831 531 890 2)
553 835 599 874 ab
621 835 858 886 Oenotropis
877 833 971 872 Delo
998 834 1211 872 arcessitis.
1249 831 1479 872 Eustathius
1507 829 1666 883 quidem
1693 835 1902 887 antequam

331 901 403 940 hos
425 900 630 953 Sophoclis
656 912 795 940 versus
821 900 964 951 posuit,
995 899 1204 951 profitetur
1230 893 1299 952 (ad
1317 897 1360 937 ll.
1381 896 1411 936 B
1431 894 1517 936 308
1538 893 1902 950 p.228):11a1.a-

331 966 499 1019 μήδους
544 961 954 1022 ἐπινοησαμένου
992 962 1177 1015 κυβείαν
1213 959 1287 1003 καὶ
1324 962 1526 1002 πεττείαν
1564 957 1620 1002 ἐν
1653 957 1785 1016 Ἰλίῳ
1830 959 1904 1009 εἰς

332 1030 675 1085 παραμύθιον
701 1032 856 1083 λιμοῦ
882 1028 1174 1082 κατασχόντος
1199 1027 1281 1081 τὴν
1302 1025 1522 1079 στρατιαν.
1557 1026 1662 1066 haud
1681 1039 1774 1066 vero
1795 1031 1903 1066 recte

336 1098 548 1138 Suetonius
581 1098 667 1136 eius
699 1102 837 1136 auctor
861 1101 1072 1147 utramque
1100 1107 1184 1134 rem
1211 1094 1267 1133 ibi
1293 1093 1497 1144 conclusit,
1531 1092 1600 1132 sed
1626 1092 1818 1144 pellectus
1844 1097 1904 1132 est

331 1163 398 1202 illo
433 1160 608 1217 ἡρωικῷ
639 1162 771 1216 στίχῳ
807 1162 979 1215 παλαιῷ
1014 1157 1283 1213 γραμμάτων
1316 1156 1553 1212 τριάκοντα
1584 1155 1627 1207 ἓξ,
1659 1155 1771 1211 πρὸς
1800 1157 1905 1205 τοὺς

332 1229 496 1276 τόπους
527 1226 606 1276 οὓς
636 1223 726 1281 ἔχει
757 1225 806 1266 τὸ
834 1224 1150 1278 Παλαμήδειον
1175 1222 1379 1278 ἀβάκιον·
1406 1218 1506 1277 εὗρε
1533 1221 1672 1275 σοφὸς
1697 1224 1828 1274 λιμοῦ
1853 1235 1905 1275 με

332 1293 639 1348 παραιφασίην
666 1288 988 1346 Παλαμήδης.3)
1026 1293 1061 1331 is
1086 1291 1263 1343 profecto
1289 1302 1429 1329 versus
1454 1301 1533 1328 non
1559 1289 1741 1340 antiquae
1766 1288 1905 1339 famae,

334 1372 411 1412 qua
432 1365 690 1399 arcessuntur
710 1359 937 1409 Oenotropi,
959 1356 1135 1408 debetur,
1162 1355 1232 1395 sed
1259 1354 1546 1406 comparandus
1573 1359 1634 1394 est
1658 1366 1748 1393 cum
1767 1351 1906 1406 τάβλα

334 1430 374 1465 et
405 1424 626 1474 ταυλίζειν
651 1423 852 1463 vocabulis
877 1435 971 1462 vere
1003 1422 1135 1461 latinis
1162 1416 1402 1475 (ibidem).⁴=)
1442 1425 1578 1459 contra
1606 1418 1839 1471 Sophoclem
1872 1419 1907 1458 si

335 1550 503 1595 πορείαν,
535 1549 726 1596 Ἀθηναῖοι
751 1549 997 1595 πολεμήσουσι
1022 1548 1196 1592 Πέρσαις.
1247 1547 1510 1582 Themistocles
1537 1548 1660 1581 autem
1685 1547 1726 1580 ut
1751 1545 1908 1590 supplex

335 1617 531 1651 aggressus
563 1605 611 1640 ad
642 1604 886 1639 Molossorum
916 1603 1058 1648 regiam
1089 1602 1238 1636 Admeti
1273 1601 1349 1635 filio
1384 1602 1527 1644 arrepto
1561 1599 1727 1634 consedit
1755 1599 1795 1633 in
1825 1599 1906 1634 foco

336 1659 462 1703 (Thue.
478 1659 493 1692 I
509 1661 602 1702 136),
622 1657 675 1692 ita
694 1657 878 1701 Telephus
899 1657 970 1691 sibi
991 1656 1162 1691 conciliat
1181 1655 1443 1690 Teuthrantem
1461 1653 1602 1697 Mysiae
1620 1664 1746 1698 regem
1765 1655 1906 1697 (quam-

336 1723 448 1757 quam
481 1712 526 1746 de
558 1712 636 1746 eius
669 1711 876 1755 argumenti
907 1710 1097 1754 prioritate
1130 1709 1355 1753 disceptatur
1379 1708 1474 1742 inter
1499 1706 1719 1751 Sophoclem
1743 1707 1779 1741 et
1801 1706 1906 1741 Euri-

337 1767 489 1811 pidem).
540 1767 652 1809 atque
679 1765 882 1799 secundum
907 1763 1163 1799 Themistoclis
1188 1763 1345 1797 mortem
1368 1760 1615 1796 voluntariam
1641 1760 1769 1805 (Thuc.
1788 1760 1804 1794 I
1825 1761 1907 1805 138)

338 1819 447 1864 Soph.
469 1818 590 1853 affert:
625 1818 708 1864 ἐμοὶ
739 1818 780 1854 δὲ
812 1820 952 1864 λῷστον
984 1814 1077 1861 αἷμα
1108 1815 1283 1860 ταύρειον
1308 1821 1420 1857 πιεῖν,
1452 1814 1494 1850 fr.
1516 1817 1584 1848 663
1610 1813 1772 1848 Helenae
1796 1813 1909 1848 verba.

337 1875 481 1908 servata
511 1873 556 1907 ab
590 1872 702 1907 schol.
730 1872 777 1906 ad
802 1871 987 1915 Aristoph.
1014 1870 1136 1914 Equit.
1158 1873 1215 1913 84,
1249 1869 1312 1913 qui
1345 1868 1464 1903 addit:
1497 1865 1596 1908 τινὲς
1630 1866 1673 1903 δέ
1703 1877 1820 1912 φασιν
1853 1864 1908 1902 ὅτι

338 1928 538 1972 Σοφοκλῆς
562 1926 648 1970 περὶ
677 1922 965 1970 Θεμιστοκλέους
989 1923 1098 1959 τοῦτό
1126 1933 1217 1968 φησι
1242 1923 1324 1967 (etsi
1350 1921 1540 1967 complura
1563 1921 1675 1956 huius
1700 1920 1908 1965 argumenti

338 1980 508 2024 exempla
531 1980 747 2023 traduntur).
793 1989 837 2013 ex
861 1977 1098 2012 historiarum
1123 1987 1213 2011 aevo
1238 1975 1360 2020 priore
1387 1975 1542 2010 exhibeo
1569 1974 1665 2009 solos
1684 1974 1768 2009 illos
1787 1975 1906 2018 tyran-

337 2044 470 2068 norum
495 2034 705 2068 exactorum
723 2032 880 2067 honores
900 2030 1100 2066 Harmodio
1121 2029 1435 2074 Aristogitonique
1459 2028 1627 2070 tributos,
1659 2039 1751 2072 quos
1775 2026 1908 2062 Kaibel

337 2088 544 2133 (comment.
566 2087 614 2121 ad
634 2085 744 2130 Soph.
765 2085 820 2120 El.
840 2097 873 2120 v.
896 2087 964 2119 982
985 2086 1023 2119 et
1043 2087 1110 2118 985
1130 2095 1166 2128 p.
1185 2086 1264 2125 222,
1286 2083 1329 2116 ef.
1343 2094 1376 2118 v.
1394 2085 1484 2116 1007
1506 2093 1532 2117 ει.
1553 2094 1588 2125 p.
1606 2083 1688 2122 226)
1708 2080 1908 2126 significari

338 2141 548 2187 suspicatur
577 2139 701 2174 verbis
733 2139 897 2174 Electrae
929 2138 1078 2172 caedem
1111 2136 1316 2171 moliturae.
1372 2135 1600 2179 temporibus
1637 2134 1748 2178 paulo
1785 2145 1907 2168 recen-

339 2195 496 2231 tioribus
518 2194 714 2228 scholiasta
734 2192 930 2236 adscripsit
947 2190 1224 2226 Trachiniarum
1243 2189 1403 2232 initium,
1425 2200 1508 2223 cum
1528 2188 1618 2222 dicit
1637 2189 1699 2233 (ad
1711 2188 1838 2222 Trach.
1856 2189 1907 2232 1):

339 2248 359 2285 ὃ
385 2247 523 2293 τρόπος
549 2245 838 2294 ἀναχρονισμός·
865 2244 1167 2291 μεταγενέστερος
1191 2243 1261 2288 γὰρ
1288 2244 1307 2278 ὁ
1334 2240 1475 2278 Σόλων.

400 2303 433 2346 1)
460 2301 502 2335 fr.
523 2304 609 2335 438:

508 2356 552 2390 οὐ
578 2354 685 2398 λιμὸν
711 2350 819 2394 οὗτος
842 2351 947 2388 τόνδ’
977 2353 1101 2387 ἀπῶσε
1127 2350 1235 2396 (coni.
1260 2348 1372 2386 τῶνδ’
1403 2349 1565 2393 ἔπαυσε),
1592 2349 1658 2384 σὺν
1685 2351 1763 2395 θεῷ

507 2409 639 2451 εἰπεῖν,
664 2407 802 2453 χρόνου
827 2419 866 2441 τε
892 2405 1087 2452 διατριβὰς
1113 2403 1331 2449 σοφωτάτοις

507 2463 647 2507 ἐφηῦρε
673 2459 852 2507 φλοίσβου
879 2459 969 2505 μετὰ
993 2458 1115 2504 κοπὴν
1140 2455 1381 2502 καθημένοις,

506 2515 665 2554 πεσσοὺς
690 2514 828 2561 κύβους
853 2526 890 2548 τε
915 2513 1075 2557 τερπνὸν
1102 2509 1234 2557 ἀργίας
1259 2509 1365 2553 ἄκος,

400 2572 435 2615 2)
461 2570 502 2605 ft.
526 2574 567 2603 17
589 2568 740 2611 Kinke13
768 2568 811 2603 cf.
832 2567 1013 2609 Welcker,
1034 2566 1133 2601 Zsch.
1154 2566 1178 2600 f.
1200 2565 1233 2599 d.
1255 2563 1564 2599 Altertumswseh.
1585 2574 1618 2597 V.
1639 2562 1908 2596 Zimmermann

341 2624 355 2658 1
377 2628 467 2659 1834
487 2635 522 2667 p.
545 2626 600 2657 56.

401 2678 436 2722 3)
461 2676 619 2720 Etymol.
628 2676 689 2718 M„
705 2675 798 2710 Orus
814 2675 915 2719 apud
927 2673 1153 2708 Brunckium
1166 2671 1404 2715 adAristoph.
1416 2670 1551 2705 Eccles.
1562 2673 1641 2712 987,
1657 2669 1818 2713 Orionp.
1829 2670 1907 2703 127.

400 2732 436 2775 4)
461 2732 651 2774 praeterea
683 2729 835 2774 cogitari
869 2739 956 2763 sane
985 2729 1107 2772 potest
1129 2738 1257 2761 vocem
1289 2726 1329 2761 ἐν
1350 2722 1444 2772 Ἰλίῳ
1476 2735 1543 2768 per
1568 2734 1726 2758 errorem
1750 2722 1804 2756 ibi
1829 2732 1909 2757 esse

339 2784 560 2818 inculcatam
585 2785 760 2827 tanquam
792 2781 1075 2826 explicationem
1099 2781 1175 2816 ἐκεῖ
1198 2778 1367 2814 vocabuli
1392 2778 1492 2813 linea
1516 2777 1761 2820 subsequente
1784 2774 1908 2819 positi.

340 2838 380 2871 in
404 2838 504 2871 fonte
530 2837 629 2871 enim
655 2836 802 2878 scholii,
836 2836 935 2879 quod
966 2835 1098 2879 probat
1128 2834 1228 2868 idem
1253 2831 1466 2867 Eustathius
1498 2832 1546 2866 ad
1572 2830 1638 2865 Od.
1660 2843 1684 2864 α
1705 2832 1784 2872 107,
1812 2828 1909 2863 indi-

342 2892 442 2925 catus
470 2892 524 2925 est
555 2901 577 2924 a
606 2889 805 2925 Polemone
835 2888 931 2933 lapis
957 2887 1087 2922 Troiae
1119 2886 1326 2929 collocatus,
1358 2885 1397 2919 in
1429 2896 1501 2929 quo
1534 2883 1664 2919 Graeci
1696 2881 1912 2918 exercebant

341 2944 448 2979 ludos
480 2946 610 2978 antea
640 2955 662 2978 a
685 2942 882 2978 Palamede
908 2941 1141 2986 excogitatos.
