2106 3320
983 168 1031 172 —
1101 143 1305 186 102-

742 264 781 302 C.
807 264 878 302 DE
908 264 1171 304 COLUMBIS
1198 264 1528 306 DODONAEIS.

408 353 639 392 Transimus
673 352 721 392 ad
756 352 939 392 Trachin.
974 366 1008 392 v,
1037 350 1242 406 171—72,
1276 354 1346 393 ubi
1381 357 1528 414 mentio
1561 356 1605 396 fit
1636 357 1924 409 columbarum,

349 430 448 469 quae
469 430 516 457 ex
537 430 687 469 quercu
707 417 914 458 Dodonaea
942 418 1035 457 dant
1054 430 1262 473 responsa3
1289 419 1416 460 Hdtus
1438 422 1554 473 enim,
1581 434 1681 473 quae
1704 422 1750 462 de
1771 424 1924 474 origine

347 484 465 522 huius
486 483 635 522 oraculi
656 488 695 522 et
715 482 762 523 de
782 482 1054 523 columbarum
1069 484 1239 524 adventu
1260 485 1486 538 exploravit,
1508 487 1594 526 fuse
1615 493 1750 527 narrat
1763 484 1872 528 54-
1885 486 1923 528 Ἰ.
1989 485 1992 487 ’

348 550 456 600 atqui
483 550 578 600 quin
605 549 880 600 antiquissima
907 550 1196 590 vaticinationis
1222 552 1328 590 inter
1355 550 1526 591 Graecos
1553 551 1668 592 sedes
1695 553 1816 593 fuerit
1845 553 1924 593 Do-

349 613 485 663 donae,
512 615 575 652 vix
602 619 662 653 est
689 613 851 654 dubium
861 611 914 670 1);
941 617 1055 654 cuius
1082 615 1204 666 gloria
1224 617 1390 656 effertur
1415 618 1493 657 iam
1519 618 1560 656 in
1582 618 1826 658 carminibus
1845 618 1924 658 Ho-

346 675 557 734 mericis.2)
584 679 690 718 unde
716 692 860 719 nomen
886 680 1070 720 omnibus
1098 680 1258 720 Graecis
1286 687 1370 721 erat
1395 687 1548 736 notum3
1577 695 1671 722 num
1699 685 1818 723 etiam
1846 685 1925 724 ori-

347 746 451 796 ginis
478 745 580 784 fama
605 746 834 797 innotuerit,
861 745 934 784 alia
961 758 1026 785 res
1053 751 1122 786 est.
1159 759 1267 798 quae·
1287 748 1393 787 enim
1413 748 1626 793 historicus
1648 749 1751 801 apud
1770 749 1923 802 Aegyp-

346 811 424 850 tios
450 807 588 863 (ἱρέας
614 814 694 850 τοῦ
724 808 937 863 Θηβαιέος
959 808 1089 865 Διός)
1117 817 1156 851 et
1174 812 1404 852 Dodonaeos
1430 809 1527 868 (τὰς
1546 811 1840 869 προμάντιας)
1861 816 1921 856 in-

349 875 519 927 dagavit,
550 876 704 927 profert
733 882 933 929 tamquam
966 883 1123 929 reperta
1154 879 1378 918 novissima.
1418 884 1458 918 et
1487 879 1667 931 profecto
1698 879 1798 920 liaeo
1829 877 1925 920 Hdti

346 942 520 981 narratio
554 943 728 993 speciem
760 955 854 994 prae
887 955 930 982 se
962 943 1040 982 fert
1065 944 1205 982 aetatis
1230 945 1478 996 recentioris,
1514 944 1619 996 quod
1645 945 1771 985 forma
1796 944 1922 986 Dodo-

347 1019 446 1046 naea
481 1012 644 1059 apparet
679 1020 727 1046 ex
757 1008 1038 1060 Aegyptiorum
1071 1009 1171 1048 fama
1204 1010 1246 1048 in
1279 1014 1424 1048 statum
1456 1010 1725 1050 honestiorem
1757 1016 1924 1065 mutata3

346 1085 476 1124 neque
510 1074 615 1112 enim
649 1074 816 1113 societas
849 1086 939 1113 cum
965 1074 1154 1126 Aegyptia
1186 1075 1284 1113 inita
1317 1076 1358 1113 in
1385 1074 1556 1115 fabulam
1581 1076 1726 1116 invasit
1751 1089 1773 1116 a
1797 1075 1923 1116 Dodo-

349 1150 538 1177 naeorum
571 1144 700 1191 parte,
736 1151 974 1191 quamquam
1007 1140 1115 1191 ipsae
1149 1139 1353 1179 columbae
1379 1141 1640 1181 vaticinantes
1672 1141 1796 1181 multo
1823 1142 1923 1181 anti-

347 1204 477 1255 quiori
511 1205 700 1243 nimirum
736 1205 854 1244 aetati
890 1201 1134 1260 debentur.³)
1186 1210 1224 1244 at
1256 1206 1334 1244 iam
1360 1205 1565 1257 Pindarus,
1601 1208 1670 1258 qui
1703 1208 1924 1259 composuit

346 1273 512 1308 παιᾶνα
532 1269 593 1317 εἰς
613 1269 703 1309 Δία
723 1268 1015 1321 Δωδωναῖον,
1040 1270 1147 1309 illam
1169 1272 1334 1322 originis
1354 1271 1527 1311 fabulam
1547 1267 1791 1327 tractavit⁴):
1817 1272 1922 1312 unde

349 1334 533 1386 Sophocli
559 1335 764 1374 columbae
785 1340 967 1387 poterant
986 1337 1122 1375 venire
1142 1337 1183 1375 in
1203 1341 1389 1377 mentem.
1422 1350 1497 1376 nec
1518 1343 1654 1377 contra
1675 1342 1736 1377 est
1755 1338 1922 1377 afferen-

349 1399 442 1439 dum
469 1399 715 1452 Sophoclem,
748 1400 852 1452 quod
883 1414 918 1440 v.
948 1398 1060 1441 1167
1094 1407 1312 1453 usurpatur
1342 1402 1510 1441 formam
1543 1403 1719 1454 Σελλοί,
1751 1415 1830 1442 non
1862 1405 1923 1442 in-

348 1466 525 1517 spexisse
558 1478 718 1505 carmen
750 1466 1022 1518 Pindaricum,
1061 1479 1138 1518 quo
1172 1467 1385 1507 exhibitam
1421 1468 1545 1507 fuisse
1581 1469 1747 1508 formam
1773 1464 1924 1508 Ἐλλοί

346 1536 515 1570 testatur
541 1531 661 1571 schol.
684 1531 732 1571 ad
751 1531 792 1571 Il.
815 1532 865 1572 Π
880 1528 978 1584 235,
1006 1544 1096 1572 cum
1119 1531 1232 1571 dicit:
1266 1531 1494 1587 Πίνδαρος
1515 1529 1662 1574 Ἑλλοὶ
1688 1530 1821 1588 χωρὶς
1839 1537 1920 1574 τοῦ

320 1606 374 1635 ·σ
412 1594 497 1636 ἀπὸ
530 1593 688 1636 Ὲλλοῦ
721 1600 801 1637 τοῦ
839 1595 1077 1650 ὃρυτόμου,
1116 1592 1149 1651 ᾧ
1182 1607 1292 1651 φασι
1326 1597 1409 1650 τὴν
1443 1598 1709 1652 περιστερὰν
1742 1598 1922 1652 πρώτην

346 1659 596 1710 καταδεῖξαι
630 1660 680 1702 τὸ
715 1667 936 1713 μαντεῖον.
980 1676 1070 1702 nam
1103 1663 1207 1715 apud
1232 1664 1448 1704 Homerum
1481 1659 1535 1718 (si
1567 1677 1645 1704 non
1679 1677 1847 1717 semper,
1883 1670 1922 1704 at

345 1732 430 1766 tum
451 1723 578 1782 certe)
601 1727 778 1767 exstabat
798 1724 1023 1784 Σελλοί5>ε
1050 1730 1183 1781 itaque
1203 1731 1388 1781 tragicus,
1414 1735 1457 1769 ut
1479 1731 1692 1770 auctoritas
1711 1730 1920 1770 Homerica

346 1792 472 1844 pluris
505 1798 627 1832 staret
658 1806 776 1845 quam
802 1793 1021 1846 Pindarica,
1056 1796 1254 1834 concessit
1285 1795 1444 1847 populo,
1477 1797 1545 1847 qui
1571 1795 1733 1835 auribus
1759 1795 1920 1835 solitum

347 1857 505 1897 tenebat
537 1863 576 1897 et
600 1870 745 1898 nomen
771 1864 810 1898 et
835 1871 994 1899 versum
1021 1856 1228 1914 epicum.⁶)
1269 1872 1361 1911 ergo
1388 1873 1484 1899 num
1511 1859 1726 1912 Sophocles
1753 1873 1800 1900 ex
1825 1860 1920 1900 Hdti

343 1984 579 2020 narrationes.
613 1985 724 2019 etiam
749 1985 910 2020 iuniores
936 1997 1127 2031 assurgere
1154 1986 1359 2021 senioribus
1385 1986 1495 2020 refert
1522 1997 1566 2020 ex
1591 1987 1680 2021 Hdti
1706 1987 1918 2021 testimonio

345 2037 391 2082 (ΙΙ
417 2039 486 2083 80).
523 2038 696 2073 Sesostris
722 2050 807 2074 vero
832 2051 967 2074 nomen
994 2051 1057 2074 cur
1082 2040 1306 2082 exhibeatur,
1339 2039 1446 2073 facile
1471 2040 1709 2085 intellegitur,
1743 2041 1918 2084 quoniam

345 2091 428 2125 aliis
443 2102 590 2135 quoque
603 2091 693 2126 locis
706 2092 793 2127 huic
811 2093 901 2137 regi,
923 2093 987 2137 qui
1003 2092 1150 2128 Graecis
1170 2093 1342 2138 praebuit
1361 2093 1467 2136 quasi
1488 2093 1650 2137 effigiem
1670 2094 1818 2138 imperii
1837 2105 1918 2137 per-

345 2144 548 2187 fectissimi,
574 2156 670 2180 nova
689 2146 857 2181 instituta
881 2147 1130 2182 attribuuntur
1151 2147 1207 2191 (cf.
1229 2146 1411 2192 Wiedem.
1433 2147 1481 2181 ad
1500 2146 1588 2181 Hdti
1608 2147 1631 2182 1.
1652 2147 1695 2181 II.
1715 2159 1750 2191 p.
1772 2150 1841 2181 403
1853 2158 1919 2189 ss.;

344 2198 429 2233 Hdt.
455 2198 488 2232 II
510 2202 593 2241 1023
621 2199 666 2234 de
691 2199 890 2235 itinerariis
911 2211 1006 2244 quae
1025 2201 1236 2236 ferebantur
1256 2200 1428 2235 Sesostris
1449 2200 1534 2234 vide
1553 2212 1586 2235 v.
1608 2200 1768 2245 Bissiug,
1794 2199 1840 2235 N.
1860 2200 1917 2235 Jb.

346 2255 389 2286 29
413 2255 503 2286 1912
523 2263 557 2296 p.
580 2254 673 2299 862).
707 2252 869 2288 Suidas
896 2253 1047 2298 quidem
1073 2266 1100 2289 s,
1121 2266 1154 2288 v.
1176 2253 1382 2298 Σέσωστρις
1408 2254 1537 2288 eadem
1561 2254 1702 2289 ratione
1721 2254 1767 2289 ab
1788 2254 1919 2289 eodem

347 2317 433 2349 rege
454 2305 721 2350 Aegyptiorum
746 2318 865 2342 mores
892 2307 1120 2343 effeminatos
1148 2319 1226 2342 esse
1251 2308 1373 2351 tradit,
1401 2309 1466 2342 sed
1484 2307 1741 2352 Nymphodori
1761 2307 1918 2342 auctori—

345 2362 399 2393 tas
431 2359 622 2403 perlucida
654 2362 708 2394 est
733 2372 752 2395 e
778 2362 973 2396 verborum
999 2362 1268 2396 constructione
1295 2362 1326 2396 si
1350 2372 1425 2396 non
1450 2362 1638 2405 mendosa,
1671 2362 1766 2396 certe
1792 2361 1919 2396 incon-

346 2413 423 2447 dita
448 2413 505 2458 (cf.
533 2413 746 2457 Bernhardy
771 2415 811 2449 in
837 2415 972 2451 Suidae
999 2416 1084 2451 edit.
1110 2416 1153 2450 II.
1183 2417 1300 2459 1853).

407 2468 439 2510 1)
468 2467 510 2502 of.
538 2467 634 2501 Kern
660 2468 698 2501 in
723 2468 969 2512 Pauly-Wiss.
997 2470 1132 2514 encycl.
1160 2481 1187 2504 s.
1214 2481 1246 2505 V.
1274 2469 1440 2512 Dodona,
1473 2472 1576 2511 1903,
1602 2481 1637 2513 p.
1663 2471 1752 2503 1259
1768 2479 1813 2503 ss.

406 2522 440 2564 2)
468 2520 506 2555 11.
536 2523 563 2554 B
586 2524 664 2563 750,
691 2523 731 2555 H
748 2525 832 2563 2343
862 2521 927 2558 Od.
955 2523 1075 2566 5327,
1101 2536 1121 2557 τ
1141 2526 1220 2558 296.

407 2574 441 2612 3)
469 2573 511 2607 cf.
540 2572 701 2617 Gruppe,
726 2575 862 2619 griech.
889 2576 1002 2619 Myth.
1030 2579 1115 2618 3543
1142 2576 1239 2611 Kern
1264 2588 1299 2621 p.
1323 2580 1454 2623 126159
1472 2587 1517 2611 ss.

406 2627 440 2670 4)
467 2626 534 2671 frg.
564 2630 607 2661 58
633 2639 668 2671 p.
691 2631 758 2662 403
787 2628 986 2664 Schroeder
1012 2647 1056 2659 =
1084 2630 1194 2665 schol.
1223 2629 1332 2674 Soph.
1354 2630 1481 2665 Trach.
1506 2634 1590 2665 172:
1618 2629 1654 2665 οἱ
1681 2630 1720 2666 δὲ
1748 2629 1816 2666 δύο
1843 2630 1916 2674 (γε-

346 2679 497 2724 γονέναι
518 2680 632 2724 φασὶν
657 2680 724 2721 τὰς
748 2682 960 2728 πελειάδας)
987 2683 1052 2718 καὶ
1077 2682 1145 2727 τὴν
1170 2682 1238 2727 μὲν
1263 2683 1316 2723 εἰς
1340 2683 1486 2730 Λιβύην
1506 2683 1715 2728 ἀφικέσθαι
1738 2681 1917 2729 Θήβηθεν

347 2732 398 2771 εἰς
423 2730 463 2767 τὸ
489 2738 555 2768 τοῦ
568 2731 757 2779 ’Ἄμμωνος
777 2735 996 2780 χρηστήριον
1016 2735 1082 2781 τὴν
1103 2737 1143 2772 δὲ
1163 2737 1248 2780 περὶ
1267 2736 1335 2781 τὴν
1355 2738 1549 2781 Δωδώνην
1572 2737 1621 2777 ὡς
1640 2737 1705 2771 καὶ
1725 2734 1917 2779 Πίνδαρος

346 2791 512 2821 παιᾶσιν.

407 2841 440 2882 5)
468 2840 534 2874 etsi
561 2841 692 2875 iustior
715 2842 833 2876 forma
864 2845 940 2877 erat
971 2844 1068 2888 ἀμφὶ
1094 2842 1136 2879 δέ
1162 2842 1193 2878 σ’
1220 2841 1342 2879 ‘Enoc'
1368 2844 1410 2879 cf.
1439 2844 1587 2888 Gruppe
1613 2845 1726 2888 myth.
1753 2855 1806 2889 gr.
1835 2846 1914 2878 355.

407 2893 440 2935 6)
468 2893 525 2926 cui
548 2893 656 2937 Soph.
673 2895 804 2929 alludit
822 2896 1000 2931 vocabulo
1018 2903 1272 2942 χαμαικοιτῶν
1290 2908 1323 2932 v.
1347 2900 1436 2931 1166
1457 2897 1637 2939 adhibito,
1657 2898 1698 2930 ut
1717 2896 1756 2931 ΙΙ.
1778 2898 1819 2931 H
1834 2898 1914 2931 235.
