2106 3320
983 163 1309 206 —86-v

406 288 487 327 Iam
518 299 642 339 pauca
675 286 843 325 dicimus
878 285 924 324 de
959 284 1086 324 tribus
1120 284 1203 324 deis
1236 284 1454 337 appellatis,
1487 298 1584 337 quos
1610 287 1834 325 invenimus
1859 285 1919 325 illi

348 356 592 392 sacramento
626 347 686 404 (et
718 350 890 402 simplici
916 355 955 390 et
981 346 1188 405 exornato)
1222 346 1490 405 adiunctos¹):
1523 352 1755 390 invocantur
1780 350 1916 403 Apollo

346 417 521 469 Pythius,
548 416 705 468 Latona,
731 415 865 467 Diana,
892 427 991 467 quae
1019 417 1094 454 tria
1119 417 1282 455 numina
1308 417 1518 455 coniuncta
1544 415 1780 456 adhibentur
1804 429 1917 468 prae-

348 484 485 522 sertim
511 483 551 520 in
578 481 744 521 urbibus
765 480 932 520 Creticis
943 477 990 536 2),
1016 486 1101 521 tum
1121 480 1281 532 Delphis
1309 475 1376 535 (cf.
1397 485 1556 533 praeter
1576 481 1733 521 decreta
1750 481 1916 522 Pausan.

348 547 382 587 X
405 546 458 587 19
466 543 554 602 4).³)
587 545 683 599 quid
708 548 742 585 si
761 551 898 598 partus
919 545 1055 585 felices
1076 545 1402 586 commendantur
1420 546 1610 598 pecorum
1629 546 1811 599 Apollini,
1830 559 1916 587 mu-

348 613 491 652 lierum
518 612 701 663 Latonae,
728 623 913 663 agrorum
938 607 1159 666 Dianae‘ss)

405 684 487 723 Hoc
520 696 675 735 quoque
709 682 959 722 commodum
991 682 1159 722 debetur
1189 682 1528 735 inscriptionibus,
1565 682 1669 735 quod
1701 684 1783 723 suis
1814 682 1913 723 locis

348 750 627 789 convenientes
671 749 927 800 reperiuntur
970 747 1179 799 formulae,
1223 760 1314 787 cum
1358 760 1430 799 per
1473 747 1625 787 litteras
1669 749 1914 800 conscriptas

348 815 638 855 transferantur
675 815 792 853 etiam
831 814 873 852 in
911 819 1045 865 partes
1082 814 1327 865 peregrinas.
1389 814 1443 852 ita
1483 825 1573 852 cum
1610 812 1789 865 Apolline
1825 812 1918 852 Del-

344 875 504 934 phico⁵)
533 879 743 918 cohaerere
770 878 877 918 illam
905 878 1152 918 devotionem
1184 879 1451 930 cognovimus,
1478 882 1518 917 et
1543 891 1632 918 cum
1664 877 1919 933 Pelasgorum

344 941 554 999 nominefi)

407 1016 535 1056 Simili
561 1021 690 1055 autem
717 1015 832 1055 modo
860 1017 978 1055 etiam
1005 1016 1224 1055 exsecratio
1246 1014 1474 1067 Sophoclea,
1499 1014 1604 1054 unde
1631 1015 1833 1066 progressi
1852 1026 1919 1054 su-

346 1094 447 1133 mus,
471 1080 735 1133 intellegenda
763 1093 849 1121 esse
875 1080 1043 1120 videtur.
1083 1092 1252 1131 namque
1273 1092 1363 1119 cum
1389 1079 1536 1119 Thebis
1563 1092 1626 1119 res
1654 1083 1804 1132 agatur,
1834 1090 1918 1118 me-

348 1146 456 1186 dium
475 1146 605 1186 locum
624 1151 734 1186 tenet
746 1146 882 1198 Apollo
898 1143 1126 1198 Delphicus:
1147 1146 1181 1184 is
1202 1150 1384 1184 cunctam
1398 1145 1560 1184 molitur
1574 1146 1780 1196 actionem,
1801 1155 1919 1196 quem

345 1314 496 1358 mulam,
517 1326 612 1358 quae
626 1314 857 1358 aliquantum
871 1314 1043 1349 convenit
1055 1325 1139 1348 cum
1151 1313 1217 1348 illa
1230 1313 1424 1348 devotione
1437 1314 1628 1356 tamquam
1640 1311 1834 1348 debilitata.
1850 1323 1917 1357 pro

347 1379 469 1403 rerum
500 1367 652 1410 vilitate,
688 1369 724 1402 et
756 1378 851 1411 quae
884 1369 1002 1402 exstat
1032 1368 1176 1411 praeter
1206 1366 1281 1402 alia.
1310 1365 1522 1401 testimonia
1552 1365 1592 1400 in
1616 1365 1918 1410 inscriptionibus

347 1421 672 1465 Hierapytniorum
697 1422 746 1466 (v.
773 1420 901 1464 Lebas,
927 1420 1015 1456 Rev.
1044 1421 1089 1455 de
1115 1419 1245 1465 philol.
1271 1419 1288 1454 I
1315 1423 1464 1466 1845m
1478 1420 1556 1464 ss.):
1584 1418 1686 1454 velut
1709 1419 1748 1453 in
1771 1419 1919 1455 foedere

350 1486 434 1510 cum
458 1474 613 1509 Rhodiis
638 1474 710 1509 icto
735 1474 759 1509 l.
790 1478 831 1509 19
848 1486 892 1510 s:
922 1474 1136 1517 εὐορκοῦντι
1162 1472 1229 1518 μὲν
1254 1470 1295 1508 εὖ
1321 1469 1435 1518 εἶμεν,
1461 1472 1698 1517 ἐπιορκοῦντι
1723 1470 1764 1509 δὲ
1788 1471 1836 1508 τὰ
1860 1473 1920 1509 ἐν·

348 1526 458 1563 αντία
482 1528 672 1562 vocabulis
691 1528 760 1562 rite
778 1528 927 1572 positis3
954 1529 1080 1563 contra
1098 1527 1138 1561 in
1157 1526 1329 1562 societate
1349 1526 1554 1570 Lyttiorum
1579 1527 1748 1572 (utraque
1765 1526 1919 1571 inscrip-

347 1581 399 1616 tio
431 1581 605 1616 tribuitur
636 1583 766 1625 quarto
798 1592 830 1616 a.
859 1580 939 1615 Chr.
974 1591 1066 1616 saec.
1093 1580 1250 1626 ineunti)
1281 1580 1491 1615 invenimus
1516 1580 1540 1614 l.
1569 1584 1612 1615 17
1627 1591 1672 1616 s.:
1705 1577 1919 1623 ἐπιορκόντι

348 1634 414 1679 μὲν
440 1630 532 1679 ἦμεν
557 1635 619 1674 τὸς
643 1632 735 1675 θεὸς
761 1633 943 1678 ἐμμανίας
968 1634 1032 1668 καὶ
1058 1633 1235 1679 γίνεσθαι
1258 1633 1407 1669 πάντα
1428 1633 1683 1669 ὑπενάντια
1701 1633 1793 1678 (sive
1811 1632 1835 1669 l.
1856 1636 1918 1668 24:

348 1686 473 1722 πάντα
497 1693 615 1722 ταῦτα
641 1685 819 1732 ἐναντία),
847 1687 1026 1731 εὐορκῶσι
1047 1686 1088 1723 δὲ
1108 1685 1170 1728 τὸς
1189 1687 1281 1728 θεὸς
1300 1686 1394 1728 ἱλέος
1414 1683 1505 1732 ἦμεν
1524 1687 1588 1722 καὶ
1608 1685 1784 1732 γίνεσθαι
1802 1685 1920 1722 πολλὰ

347 1740 518 1786 κάγαθάι
546 1752 633 1786 ergo
658 1741 834 1776 membris
859 1741 1077 1785 permutatis
1105 1741 1233 1776 eadem
1257 1740 1438 1775 vocabula
1462 1740 1673 1776 retinentur.

409 1802 442 1843 1)
469 1811 543 1843 qua
572 1800 611 1834 in
641 1811 680 1835 re
705 1800 864 1835 multum
890 1800 988 1835 valet
1012 1800 1071 1834 lex
1097 1799 1411 1844 Amphictyonum
1436 1810 1532 1834 anno
1558 1810 1589 1834 a.
1618 1799 1698 1835 Chr.
1726 1802 1795 1834 380
1820 1810 1918 1834 eom-

352 1853 474 1897 posita.
499 1871 543 1882 =
569 1853 647 1888 CIA
672 1854 703 1887 II
723 1857 811 1900 545,
830 1865 876 1888 ss.

407 1915 442 1956 2)
465 1913 551 1946 vide
575 1912 820 1956 Pauly-wisa.
848 1924 875 1947 s.
902 1924 934 1948 v.
962 1912 1034 1946 Eid
1060 1912 1242 1956 (Ziebarth
1269 1913 1374 1956 1905)
1400 1924 1435 1956 p.
1457 1915 1602 1958 207887.

405 1973 439 2016 3)
464 1974 667 2015 praeterea:
700 1971 849 2014 Usener,
877 1971 1055 2014 Dreiheit‚
1088 1972 1155 2007 Rh.
1176 1971 1223 2007 M.
1246 1974 1290 2006 58
1314 1975 1404 2006 1903
1429 1982 1465 2015 p.
1488 1974 1587 2018 ²⁰1s⁷
1614 1974 1700 2017 24,;
1726 1963 1919 2015 Pauly-W.

350 2036 377 2060 s,
398 2036 430 2060 v.
452 2024 611 2069 Apollon
636 2036 671 2068 p.
693 2029 847 2069 33—35,
873 2025 1032 2059 Artemis
1062 2027 1265 2066 1361—623
1292 2025 1465 2069 Roscher,
1490 2025 1604 2068 myth.
1626 2024 1709 2060 Lex.
1731 2036 1759 2059 s.
1778 2036 1812 2059 v.
1831 2024 1920 2060 Loto

347 2091 383 2122 p.
407 2082 580 2121 1966—7‚
608 2083 650 2113 76
662 2083 734 2114 —8.
1346 2079 1351 2083 “

408 2139 443 2184 4)
470 2138 513 2173 cf.
541 2137 784 2182 Pauly-Wiss.
815 2150 841 2173 s.
869 2138 1029 2172 Artemis
1059 2140 1202 2184 13424„
1229 2141 1332 2184 43293
1368 2136 1409 2172 A.
1437 2137 1634 2179 Dieterich‚
1668 2136 1802 2171 Mutter
1825 2136 1920 2171 Erde

350 2195 440 2226 1905
466 2203 502 2236 p.
524 2195 568 2226 39
583 2203 641 2235 ss,
677 2195 722 2226 54
736 2203 762 2227 s.
802 2203 976 2236 agrorum
1001 2192 1111 2226 modo
1137 2199 1173 2225 et
1197 2190 1395 2225 mulierum
1418 2190 1616 2235 puerperia
1640 2190 1735 2224 inter
1759 2201 1798 2224 so
1824 2200 1921 2232 com·

347 2247 461 2289 parat.

409 2307 442 2350 5)
469 2305 512 2340 cf.
539 2306 639 2350 apud
663 2305 789 2349 Eurip.
817 2305 893 2339 Ion.
922 2308 990 2339 303
1017 2305 1269 2349 quaestionem
1294 2303 1463 2348 Pythiae:
1497 2302 1644 2347 κάρπου
1671 2299 1709 2338 δ’
1737 2302 1829 2344 ὅπερ
1855 2307 1922 2348 γῆς

350 2356 466 2403 ἥκετ’,
492 2356 514 2402 ἢ
539 2356 688 2394 παίδων
712 2357 814 2403 πέρι;

414 2419 448 2462 6)
473 2416 543 2451 τὰν
570 2416 782 2463 Πελασγίαν
807 2416 918 2453 πόλιν
944 2419 1157 2452 venerantes
1183 2417 1365 2462 (Aeschyl.
1393 2415 1519 2460 suppl.
1548 2419 1615 2450 642
1636 2415 1792 2462 Weckl.)
1817 2415 1922 2461 puel-

352 2469 409 2504 lae
430 2470 613 2514 supplices
633 2472 827 2514 precantur
853 2472 899 2515 (v,
923 2474 989 2505 682
1006 2472 1083 2512 ss.):
1110 2469 1303 2506 τίκτεσθαι
1330 2469 1372 2505 δὲ
1398 2467 1541 2514 φόρους
1566 2475 1635 2514 γᾶς
1659 2468 1792 2510 ἄλλους
1817 2468 1922 2516 εὐχό-

352 2521 440 2567 μεθ’
471 2522 540 2566 ἀεί,
560 2521 728 2568 ’Ἀρτεμιν
754 2521 789 2558 δ’
820 2524 958 2559 ἑκάταν
985 2530 1175 2569 γυναικῶν
1200 2521 1331 2569 λόχους
1356 2522 1566 2567 ἐφορεύειν·
1595 2524 1641 2566 (v.
1669 2526 1738 2558 694
1752 2524 1832 2568 ss.):
1860 2523 1922 2558 εὐ-

352 2576 463 2620 μενὴς
488 2574 524 2611 δ’
555 2575 573 2611 ὁ
595 2576 752 2618 Λύκειος
778 2577 868 2613 ἔστω
888 2576 991 2624 πάσᾳ
1011 2575 1172 2625 νεολαίᾳ.
1200 2578 1406 2621 καρποτελῆ
1428 2575 1469 2611 δέ
1487 2589 1545 2611 τοι
1569 2577 1660 2617 Ζεὺς
1679 2575 1920 2620 ἐπικραινέτω

351 2629 508 2675 φέρματι
534 2635 605 2675 γᾶν
630 2629 798 2677 πανάρῳ.
825 2629 999 2675 πρόνομα
1026 2629 1066 2666 δὲ
1091 2629 1183 2676 βοτὰ
1202 2636 1279 2669 τοῖς
1307 2629 1495 2674 πολύγονα
1520 2628 1678 2665 τελέθοι.
1712 2630 1816 2665 ouius
1839 2640 1921 2674 pre-

350 2683 502 2717 cationis
527 2684 681 2727 triplicis
703 2684 766 2727 qui
787 2686 913 2718 auctor
931 2684 1042 2718 fuerit
1060 2683 1252 2727 Aeschylo,
1278 2683 1465 2727 inquirere
1485 2683 1623 2718 omitto.
1652 2704 1697 2708 —-
1722 2683 1818 2717 iuud
1835 2693 1921 2718 vero

349 2735 443 2770 inter
456 2736 651 2771 Dorienses
666 2737 913 2782 Pelasgosque
927 2737 1116 2771 vinculum
1141 2736 1231 2771 alibi
1258 2747 1406 2780 quoque
1432 2736 1652 2779 invenimus,
1678 2736 1780 2771 velut
1801 2736 1921 2771 Hdtus

351 2789 440 2822 dicit
465 2789 479 2822 I
501 2793 559 2822 57:
591 2789 772 2833 Πελασγοὶ
798 2789 833 2824 οὶ
856 2787 1011 2835 ὅμουροί
1031 2802 1114 2825 κοτε
1134 2785 1230 2834 ἦσαν
1248 2795 1345 2824 τοῖσι
1364 2793 1434 2824 νῦν
1454 2793 1638 2833 Δωριεῦσι
1658 2788 1922 2835 καλεομένοισι.

350 2843 385 2875 et
410 2841 488 2884 ipse
514 2842 692 2876 Homerus
714 2841 838 2877 Cretae
865 2843 1002 2877 incolas
1029 2843 1133 2878 affert
1158 2842 1224 2878 Od.
1250 2856 1269 2877 τ
1292 2846 1375 2877 1771
1404 2841 1564 2886 Δωριέες
1582 2855 1620 2879 τε
1639 2843 1826 2888 τριχάικες
1845 2840 1921 2878 δῖοί

349 2906 387 2928 τε
414 2893 609 2939 Πελασγοί.
